2754 4322
510 303 580 369 oa
616 267 844 370 ancisus.
1128 317 1169 385 59

135 462 266 539 buntur,
292 473 352 529 aut
377 465 501 531 oriatur
520 473 586 530 'aut
611 466 749 531 occidat.
807 466 859 531 M.
904 465 994 549 Ergo
1019 463 1082 550 [ut]
1113 463 1168 528 illa

134 565 246 631 divina
270 588 364 632 mens
379 589 512 633 summa
535 568 592 632 lex
608 579 668 645 est,
684 569 773 646 item,
789 589 891 652 quom
918 570 952 634 in
967 568 1103 633 homine
1117 574 1169 631 est

134 670 288 753 perfecta,
305 673 338 736 in
354 682 467 737 mente
481 682 530 736 est
542 673 707 756 sapientis.
747 672 845 756 Quae
859 682 937 739 sunt
951 681 1064 738 autem
1079 671 1169 736 varie

134 783 168 838 et
184 775 226 838 ad
242 784 374 860 tempus
397 777 583 859 descriptae
605 775 744 860 populis,
761 776 872 841 favore
888 776 994 860 magis
1009 796 1109 860 quam
1134 793 1168 837 re

133 875 245 960 legum
284 899 405 944 nomen
442 888 565 944 tenent.
626 878 771 944 Omnem
803 879 892 944 enim
928 880 1046 963 legem,
1082 898 1169 962 quae
1214 889 1230 957 5

134 980 269 1062 quidem
296 992 384 1047 recte
400 981 457 1046 lex
483 982 641 1066 appellari
657 982 771 1066 possit,
787 1003 859 1047 esse
882 983 1082 1048 laudabilem
1098 982 1169 1065 qui·
1205 973 1210 982 ’

133 1083 277 1148 busdam
301 1085 423 1150 talibus
448 1086 653 1169 argumentis
677 1085 807 1151 docent.
853 1084 995 1151 Constat
1020 1085 1168 1171 profecto

133 1187 178 1251 ad
204 1186 347 1252 salutem
370 1189 490 1253 civium
513 1190 751 1272 civitatumque
774 1187 1036 1253 incolumitatem
1050 1184 1169 1254 vitamss

133 1310 200 1373 que
222 1289 394 1355 hominum
421 1292 568 1375 quietam
595 1300 629 1356 et
649 1290 783 1355 beatam
799 1292 950 1357 inventas
974 1312 1046 1356 esse
1068 1291 1167 1374 leges,

134 1413 266 1476 eosque,
282 1395 338 1477 qui
364 1395 507 1478 primum
534 1396 604 1459 eius
629 1395 720 1460 modi
736 1395 818 1460 scita
840 1395 1021 1472 sanxerint,
1037 1394 1168 1478 populis
1195 1411 1234 1458 10

132 1496 319 1562 ostendisse
345 1518 385 1562 ea
411 1519 448 1562 se
476 1499 655 1582 scripturos
685 1506 786 1581 atque
816 1497 949 1575 laturus,
979 1498 1099 1581 quibus
1122 1496 1169 1561 illi

133 1600 268 1665 adscitis
294 1603 522 1686 susceptisque
545 1600 685 1666 honeste
709 1601 874 1686 beateque
896 1602 1053 1679 viverent,
1068 1621 1169 1684 quac-

134 1724 200 1786 que
225 1705 272 1768 ita
297 1705 471 1789 conposita
496 1714 679 1788 sanctaque
694 1714 813 1782 essent,
829 1726 885 1770 eas
910 1704 1000 1789 leges
1014 1704 1170 1770 videlicet

132 1805 375 1889 †nominarent.
421 1808 479 1872 Ex
494 1829 561 1892 quo
577 1808 724 1891 intellegi
750 1829 810 1892 par
836 1817 887 1873 est
915 1830 981 1886 eos,
1012 1809 1069 1892 qui
1096 1828 1169 1893 per-

134 1911 258 1975 niciosa
299 1921 333 1976 et
362 1913 485 1976 iniusta
514 1911 645 1995 populis
675 1912 764 1976 iussa
793 1912 1034 1996 descripserint,
1065 1932 1168 1996 quom
1196 1925 1230 1992 15

134 2024 249 2079 contra
274 2003 411 2080 fecerint
433 2035 535 2099 quam
559 2013 696 2098 polliciti
722 2015 926 2098 professique
946 2017 1022 2092 sint,
1038 2015 1168 2098 quidvis

134 2119 244 2201 potius
268 2118 383 2184 tulisse
404 2139 512 2202 -quam
539 2118 637 2201 leges,
665 2128 703 2182 ut
725 2119 936 2202 perspicuum
960 2139 1032 2183 esse
1063 2118 1169 2202 possit

133 2221 167 2284 in
183 2222 255 2304 ipso
271 2223 405 2286 nomine
420 2221 502 2305 legis
518 2221 767 2305 interpretando
782 2222 890 2285 inesse
904 2221 972 2284 vim
988 2229 1023 2285 et
1037 2230 1169 2285 senten-

132 2325 216 2388 tiam
243 2324 319 2389 iusti
341 2334 376 2389 et
397 2326 465 2389 veri
492 2324 651 2407 legendi.2
701 2337 746 2388 12
793 2322 927 2406 Quaero
956 2323 1055 2406 igitur
1081 2343 1101 2386 a
1124 2330 1167 2398 te,

133 2425 268 2509 Quinte,
284 2429 369 2492 sicut
395 2427 441 2491 illi
464 2427 593 2493 solent:
616 2426 692 2510 Quo
716 2427 744 2490 si
759 2427 875 2490 civitas
899 2435 1018 2502 careat,
1035 2425 1168 2490 obeam
1192 2441 1234 2488 20

199 2592 269 2654 Esgo
290 2595 322 2643 ut
342 2593 399 2644 illa.
447 2594 478 2642 In
501 2605 519 2644 1.
545 2595 565 2654 §-
589 2591 625 2642 18.
653 2607 691 2642 we
714 2591 767 2641 find
793 2593 897 2641 “cndern
917 2592 980 2640 ratio
996 2607 1069 2656 quom
1088 2593 1167 2642 estin

132 2658 241 2708 hominis
258 2665 337 2708 mente
352 2675 395 2708 con
416 2666 530 2708 rmatart
542 2659 658 2723 perfecta,
671 2659 711 2706 Iar
728 2655 789 2707 est.”
820 2656 875 2707 The
887 2658 1070 2708 awkwardness
1080 2658 1126 2708 lies
1142 2658 1169 2708 in

132 2724 176 2774 the
193 2723 367 2789 comparison3
409 2724 484 2774 ahlen
495 2724 579 2774 would
601 2724 660 2772 read
670 2721 788 2784 perlecta
807 2723 887 2783 (ratio,
901 2723 939 2772 lex
958 2729 1009 2786 est<
1025 2739 1052 2772 ea
1062 2739 1118 2772 vero
1134 2729 1169 2773 art

126 2790 243 2854 perfecta)
261 2788 294 2839 in
311 2791 408 2839 monh.
444 2789 499 2840 The
518 2801 575 2838 MSS.
598 2789 660 2838 omit
671 2791 712 2837 est
728 2788 897 2838 alternante.
934 2789 947 2838 1
964 2804 1004 2838 am
1016 2788 1125 2838 inclined
1141 2797 1168 2838 to

132 2855 205 2905 think
225 2854 279 2904 that
296 2855 338 2904 the
357 2853 477 2919 difficulty
493 2870 550 2919 may
567 2855 599 2904 be
615 2853 722 2904 avoided
740 2853 773 2917 by
789 2853 906 2918 omitting
924 2855 962 2914 ut,
981 2853 1065 2903 which
1083 2852 1168 2903 would

131 2936 205 2997 creep
217 2920 243 2969 in
254 2920 317 2997 irom
329 2920 361 2969 its
371 2919 500 2997 simitarity
517 2926 543 2969 to
554 2920 597 2997 the
614 2919 666 2968 first
677 2919 747 2995 three
765 2919 849 2971 letters
861 2919 891 2969 oi
904 2917 962 2969 illa
998 2918 1081 2968 There
1097 2918 1117 2966 is
1133 2933 1168 2968 no

131 2984 933 3114 difficfflpppperzrapdfflpaervpzpziphthpeopgffim,
961 3047 1031 3098 Bake
1040 3062 1168 3112 compares

133 3114 395 3231 Phthiohdignaddn‘igo
406 3115 494 3230 B'Those
511 3180 568 3230 who
579 3179 671 3231 defend
682 3179 731 3229 this
741 3179 845 3243 reading
861 3183 927 3228 must
943 3176 1022 3227 either
1038 3176 1112 3227 make
1128 3179 1169 3228 illi

132 3245 174 3296 the
185 3246 281 3310 subject
292 3246 321 3297 oi
329 3246 488 3295 nominarent
493 3261 506 3306 ,·
524 3262 552 3296 or
566 3246 681 3296 consider
691 3245 711 3293 it
722 3261 738 3294 a
748 3244 845 3295 caseos
860 3241 991 3293 attractiou
1003 3249 1029 3291 to
1040 3243 1167 3305 naberent3

131 3311 177 3361 but
196 3311 306 3388 itseems
324 3312 404 3362 better
414 3320 441 3362 to
458 3312 518 3362 read
529 3311 607 3361 either
625 3311 796 3370 nominarunt,
810 3308 872 3358 with
883 3307 1016 3368 Victorius,
1030 3323 1059 3358 or
1070 3310 1167 3359 nomin·

131 3376 482 3503 mseidkkafldddhklpsorlnt.
519 3440 617 3490 Ernesti
636 3439 719 3488 would
731 3439 790 3489 read
809 3437 887 3497 lura3
912 3436 965 3497 but,
979 3437 1099 3503 although
1109 3441 1168 3489 iura

131 3505 258 3556 describere
275 3507 296 3557 is
315 3507 358 3557 the
377 3508 474 3572 regular
491 3506 588 3571 phrase,
611 3504 699 3555 Feldh
721 3505 734 3552 I
755 3503 834 3564 think,
854 3503 946 3567 rightly
962 3504 1095 3554 maintains
1114 3505 1168 3556 that

131 3570 205 3620 iussa
221 3572 386 3637 ispurposely
405 3573 464 3622 used
477 3571 536 3622 here
557 3573 611 3619 “ut
625 3569 773 3619 luculentius
790 3569 842 3617 vim
854 3583 935 3617 rorum
955 3569 983 3618 r'n
999 3585 1023 3618 eo
1038 3570 1087 3620 solo
1101 3572 1169 3620 cerni

131 3636 265 3687 declararet
273 3639 339 3702 quod
346 3638 507 3688 iuberentur.
513 3635 530 3660 ”

196 3699 403 3764 interpretando.
438 3703 456 3752 i.
465 3718 484 3752 r.
512 3702 562 3751 “si
577 3715 664 3750 nomen
681 3699 740 3764 legis
757 3699 915 3762 interpretari
934 3697 1064 3750 velimus.”
1097 3699 1168 3751 Bake

131 3781 171 3832 cp·
187 3769 364 3892 Ι1511911111
393 3832 449 3883 The
461 3831 550 3892 Stoica,
565 3831 650 3881 whose
661 3829 797 3895 syllogistic
808 3829 911 3880 method
928 3828 950 3880 is
960 3829 1074 3881 imitated
1087 3829 1113 3880 in
1124 3829 1168 3881 the

129 3895 377 4025 fflqgiprgle‘resion
388 3897 418 3949 oi
433 3899 460 3948 ot
472 3898 571 3958 δεομένη
589 3897 660 3948 πόλις
671 3894 699 3946 δι’
715 3897 776 3946 αὐτὸ
787 3896 855 3946 οὐδέν
864 3897 926 3957 ἐστι,
936 3896 963 3945 ἐν
981 3896 1083 3958 ἀγαθοῦ
1101 3895 1167 3957 ἀριθ-
