<?xml version="1.0" encoding="UTF-8"?>
<!DOCTYPE html PUBLIC "-//W3C//DTD XHTML 1.0 Transitional//EN"
    "http://www.w3.org/TR/xhtml1/DTD/xhtml1-transitional.dtd">
<html xmlns="http://www.w3.org/1999/xhtml" xml:lang="en" lang="en">
 <head>
  <title>
</title>
<meta http-equiv="Content-Type" content="text/html;charset=utf-8" />
  <meta name='ocr-system' content='tesseract 3.04.00' />
  <meta name='ocr-capabilities' content='ocr_page ocr_carea ocr_par ocr_line ocrx_word'/>
</head>
<body>
  <div class='ocr_page' id='page_1' title='image "./delegibuslibrit00peargoog_0090.png"; bbox 0 0 2818 4320; ppageno 0'>
   <div class='ocr_carea' id='block_1_1' title="bbox 538 319 1179 399">
    <p class='ocr_par' dir='ltr' id='par_1_1' title="bbox 538 319 1179 399">
     <span class='ocr_line' id='line_1_1' title="bbox 538 319 1179 399; baseline 0.002 -15"><span class='ocrx_word' id='word_1_1' title='bbox 538 319 609 385; x_wconf 84' lang='lat' dir='ltr'><strong>DE</strong></span> <span class='ocrx_word' id='word_1_2' title='bbox 646 319 872 386; x_wconf 83' lang='lat' dir='ltr'><em>LEGIBUS.</em></span> <span class='ocrx_word' id='word_1_3' title='bbox 1139 333 1179 399; x_wconf 84' lang='lat'><strong>73</strong></span> 
     </span>
    </p>
   </div>
   <div class='ocr_carea' id='block_1_2' title="bbox 79 478 1249 2321">
    <p class='ocr_par' dir='ltr' id='par_1_2' title="bbox 79 478 1249 2321">
     <span class='ocr_line' id='line_1_2' title="bbox 147 478 1187 563; baseline 0.001 -19"><span class='ocrx_word' id='word_1_4' title='bbox 147 479 274 563; x_wconf 89' lang='lat' dir='ltr'><strong>species</strong></span> <span class='ocrx_word' id='word_1_5' title='bbox 306 479 444 545; x_wconf 90' lang='lat' dir='ltr'><strong>deorum</strong></span> <span class='ocrx_word' id='word_1_6' title='bbox 480 480 514 544; x_wconf 92' lang='lat' dir='ltr'><strong>iu</strong></span> <span class='ocrx_word' id='word_1_7' title='bbox 549 481 672 558; x_wconf 80' lang='lat' dir='ltr'><strong>oculis,</strong></span> <span class='ocrx_word' id='word_1_8' title='bbox 698 501 766 546; x_wconf 92' lang='lat' dir='ltr'><strong>non</strong></span> <span class='ocrx_word' id='word_1_9' title='bbox 800 480 908 546; x_wconf 90' lang='lat' dir='ltr'><strong>solum</strong></span> <span class='ocrx_word' id='word_1_10' title='bbox 940 480 974 544; x_wconf 94' lang='lat' dir='ltr'><strong>in</strong></span> <span class='ocrx_word' id='word_1_11' title='bbox 1010 478 1187 545; x_wconf 87' lang='lat' dir='ltr'><strong>mentibus.</strong></span> 
     </span>
     <span class='ocr_line' id='line_1_3' title="bbox 146 583 1183 666; baseline -0.003 -18"><span class='ocrx_word' id='word_1_12' title='bbox 146 593 197 664; x_wconf 88' lang='lat'><strong>27.</strong></span> <span class='ocrx_word' id='word_1_13' title='bbox 221 584 441 666; x_wconf 81' lang='lat' dir='ltr'><strong>Eandemque</strong></span> <span class='ocrx_word' id='word_1_14' title='bbox 453 584 615 649; x_wconf 84' lang='lat' dir='ltr'><strong>rationem</strong></span> <span class='ocrx_word' id='word_1_15' title='bbox 628 584 691 647; x_wconf 95' lang='lat' dir='ltr'><strong>luci</strong></span> <span class='ocrx_word' id='word_1_16' title='bbox 703 583 828 648; x_wconf 86' lang='lat' dir='ltr'><strong>habent</strong></span> <span class='ocrx_word' id='word_1_17' title='bbox 840 585 873 648; x_wconf 92' lang='lat' dir='ltr'><strong>in</strong></span> <span class='ocrx_word' id='word_1_18' title='bbox 885 585 980 666; x_wconf 87' lang='lat' dir='ltr'><strong>agris.</strong></span> <span class='ocrx_word' id='word_1_19' title='bbox 1004 584 1124 665; x_wconf 91' lang='lat' dir='ltr'><strong>Neque</strong></span> <span class='ocrx_word' id='word_1_20' title='bbox 1135 602 1183 658; x_wconf 87' lang='lat' dir='ltr'><strong>ea,</strong></span> 
     </span>
     <span class='ocr_line' id='line_1_4' title="bbox 146 685 1182 771; baseline -0.003 -20"><span class='ocrx_word' id='word_1_21' title='bbox 146 708 234 770; x_wconf 88' lang='lat' dir='ltr'><strong>quae</strong></span> <span class='ocrx_word' id='word_1_22' title='bbox 248 709 269 751; x_wconf 88' lang='lat' dir='ltr'>a</span> <span class='ocrx_word' id='word_1_23' title='bbox 292 687 469 753; x_wconf 86' lang='lat' dir='ltr'><strong>maioribus</strong></span> <span class='ocrx_word' id='word_1_24' title='bbox 485 687 616 771; x_wconf 89' lang='lat' dir='ltr'><strong>prodita</strong></span> <span class='ocrx_word' id='word_1_25' title='bbox 638 697 689 752; x_wconf 90' lang='lat' dir='ltr'><strong>est</strong></span> <span class='ocrx_word' id='word_1_26' title='bbox 703 708 778 751; x_wconf 91' lang='lat' dir='ltr'><strong>curn</strong></span> <span class='ocrx_word' id='word_1_27' title='bbox 792 687 934 752; x_wconf 90' lang='lat' dir='ltr'><strong>dominis</strong></span> <span class='ocrx_word' id='word_1_28' title='bbox 955 697 1026 751; x_wconf 93' lang='lat' dir='ltr'><strong>tum</strong></span> <span class='ocrx_word' id='word_1_29' title='bbox 1042 685 1182 762; x_wconf 78' lang='lat' dir='ltr'><strong>famulis,</strong></span> 
     </span>
     <span class='ocr_line' id='line_1_5' title="bbox 146 790 1183 874; baseline -0.002 -20"><span class='ocrx_word' id='word_1_30' title='bbox 146 792 256 873; x_wconf 90' lang='lat' dir='ltr'><strong>posita</strong></span> <span class='ocrx_word' id='word_1_31' title='bbox 271 791 304 854; x_wconf 92' lang='lat' dir='ltr'><strong>in</strong></span> <span class='ocrx_word' id='word_1_32' title='bbox 320 790 413 854; x_wconf 88' lang='lat' dir='ltr'><strong>suudi</strong></span> <span class='ocrx_word' id='word_1_33' title='bbox 427 790 592 873; x_wconf 86' lang='lat' dir='ltr'><strong>villaeque</strong></span> <span class='ocrx_word' id='word_1_34' title='bbox 614 800 794 874; x_wconf 86' lang='lat' dir='ltr'><strong>conspectu</strong></span> <span class='ocrx_word' id='word_1_35' title='bbox 809 790 923 874; x_wconf 85' lang='lat' dir='ltr'><strong>religio</strong></span> <span class='ocrx_word' id='word_1_36' title='bbox 939 791 1063 854; x_wconf 86' lang='lat' dir='ltr'><strong>Larum</strong></span> <span class='ocrx_word' id='word_1_37' title='bbox 1088 809 1183 872; x_wconf 90' lang='lat' dir='ltr'><strong>repu-</strong></span> 
     </span>
     <span class='ocr_line' id='line_1_6' title="bbox 146 892 1244 977; baseline 0 -21"><span class='ocrx_word' id='word_1_38' title='bbox 146 893 270 958; x_wconf 85' lang='lat' dir='ltr'><strong>dianda</strong></span> <span class='ocrx_word' id='word_1_39' title='bbox 286 903 344 960; x_wconf 85' lang='lat' dir='ltr'><strong>est</strong></span> <span class='ocrx_word' id='word_1_40' title='bbox 385 894 456 957; x_wconf 91' lang='lat' dir='ltr'><strong>Iam</strong></span> <span class='ocrx_word' id='word_1_41' title='bbox 473 895 555 959; x_wconf 75' lang='lat' dir='ltr'><strong>ritus</strong></span> <span class='ocrx_word' id='word_1_42' title='bbox 570 893 715 957; x_wconf 87' lang='lat' dir='ltr'><strong>familiae</strong></span> <span class='ocrx_word' id='word_1_43' title='bbox 726 903 925 977; x_wconf 87' lang='lat' dir='ltr'><strong>patrumque</strong></span> <span class='ocrx_word' id='word_1_44' title='bbox 936 914 1065 958; x_wconf 71' lang='lat' dir='ltr'><strong>seruare</strong></span> <span class='ocrx_word' id='word_1_45' title='bbox 1077 892 1110 956; x_wconf 92' lang='lat' dir='ltr'><strong>id</strong></span> <span class='ocrx_word' id='word_1_46' title='bbox 1123 900 1182 967; x_wconf 92' lang='lat' dir='ltr'><strong>est,</strong></span> <span class='ocrx_word' id='word_1_47' title='bbox 1228 903 1244 971; x_wconf 84' lang='lat'><strong>5</strong></span> 
     </span>
     <span class='ocr_line' id='line_1_7' title="bbox 79 995 1182 1080; baseline -0.001 -20"><span class='ocrx_word' id='word_1_48' title='bbox 79 1029 83 1042; x_wconf 92' lang='lat'><strong>·</strong></span> <span class='ocrx_word' id='word_1_49' title='bbox 145 998 304 1080; x_wconf 87' lang='lat' dir='ltr'><strong>quoniam</strong></span> <span class='ocrx_word' id='word_1_50' title='bbox 334 997 514 1080; x_wconf 88' lang='lat' dir='ltr'>antiquitas</span> <span class='ocrx_word' id='word_1_51' title='bbox 538 1017 704 1080; x_wconf 85' lang='lat' dir='ltr'>proxume</span> <span class='ocrx_word' id='word_1_52' title='bbox 733 996 861 1060; x_wconf 89' lang='lat' dir='ltr'><strong>accedit</strong></span> <span class='ocrx_word' id='word_1_53' title='bbox 891 997 934 1060; x_wconf 87' lang='lat' dir='ltr'><strong>ad</strong></span> <span class='ocrx_word' id='word_1_54' title='bbox 964 996 1054 1073; x_wconf 91' lang='lat' dir='ltr'><strong>deos,</strong></span> <span class='ocrx_word' id='word_1_55' title='bbox 1085 1017 1105 1060; x_wconf 88' lang='lat' dir='ltr'>a</span> <span class='ocrx_word' id='word_1_56' title='bbox 1131 995 1182 1058; x_wconf 92' lang='lat' dir='ltr'><strong>dis</strong></span> 
     </span>
     <span class='ocr_line' id='line_1_8' title="bbox 145 1098 1183 1184; baseline -0.003 -20"><span class='ocrx_word' id='word_1_57' title='bbox 145 1101 241 1184; x_wconf 87' lang='lat' dir='ltr'><strong>quasi</strong></span> <span class='ocrx_word' id='word_1_58' title='bbox 256 1100 413 1164; x_wconf 88' lang='lat' dir='ltr'>traditam</span> <span class='ocrx_word' id='word_1_59' title='bbox 429 1100 621 1183; x_wconf 83' lang='lat' dir='ltr'><strong>religionem</strong></span> <span class='ocrx_word' id='word_1_60' title='bbox 637 1100 728 1164; x_wconf 89' lang='lat' dir='ltr'><strong>tueri.</strong></span> <span class='ocrx_word' id='word_1_61' title='bbox 774 1099 874 1182; x_wconf 86' lang='lat' dir='ltr'><strong>Quod</strong></span> <span class='ocrx_word' id='word_1_62' title='bbox 890 1109 1002 1163; x_wconf 89' lang='lat' dir='ltr'><strong>autem</strong></span> <span class='ocrx_word' id='word_1_63' title='bbox 1018 1120 1062 1162; x_wconf 86' lang='lat' dir='ltr'><strong>ex</strong></span> <span class='ocrx_word' id='word_1_64' title='bbox 1077 1098 1183 1162; x_wconf 91' lang='lat' dir='ltr'><strong>homi·</strong></span> 
     </span>
     <span class='ocr_line' id='line_1_9' title="bbox 145 1201 1182 1287; baseline -0.005 -19"><span class='ocrx_word' id='word_1_65' title='bbox 145 1224 227 1268; x_wconf 90' lang='lat' dir='ltr'><strong>num</strong></span> <span class='ocrx_word' id='word_1_66' title='bbox 242 1225 363 1287; x_wconf 87' lang='lat' dir='ltr'><strong>genere</strong></span> <span class='ocrx_word' id='word_1_67' title='bbox 385 1213 603 1278; x_wconf 88' lang='lat' dir='ltr'><strong>consecratos,</strong></span> <span class='ocrx_word' id='word_1_68' title='bbox 621 1204 707 1267; x_wconf 91' lang='lat' dir='ltr'><strong>sicut</strong></span> <span class='ocrx_word' id='word_1_69' title='bbox 724 1201 903 1267; x_wconf 88' lang='lat' dir='ltr'><strong>Herculem</strong></span> <span class='ocrx_word' id='word_1_70' title='bbox 920 1212 954 1267; x_wconf 91' lang='lat' dir='ltr'><strong>et</strong></span> <span class='ocrx_word' id='word_1_71' title='bbox 968 1211 1105 1279; x_wconf 76' lang='lat' dir='ltr'><strong>ceteroS,</strong></span> <span class='ocrx_word' id='word_1_72' title='bbox 1119 1201 1182 1264; x_wconf 92' lang='lat' dir='ltr'><strong>coli</strong></span> 
     </span>
     <span class='ocr_line' id='line_1_10' title="bbox 145 1302 1227 1389; baseline -0.004 -17"><span class='ocrx_word' id='word_1_73' title='bbox 145 1306 203 1372; x_wconf 86' lang='lat' dir='ltr'><strong>lex</strong></span> <span class='ocrx_word' id='word_1_74' title='bbox 229 1306 329 1383; x_wconf 91' lang='lat' dir='ltr'><strong>iubet,</strong></span> <span class='ocrx_word' id='word_1_75' title='bbox 355 1306 479 1372; x_wconf 88' lang='lat' dir='ltr'><strong>indicat</strong></span> <span class='ocrx_word' id='word_1_76' title='bbox 504 1307 653 1371; x_wconf 91' lang='lat' dir='ltr'><strong>omnium</strong></span> <span class='ocrx_word' id='word_1_77' title='bbox 674 1305 814 1389; x_wconf 20' lang='lat' dir='ltr'><strong>,quidem</strong></span> <span class='ocrx_word' id='word_1_78' title='bbox 848 1307 976 1370; x_wconf 85' lang='lat' dir='ltr'><strong>animos</strong></span> <span class='ocrx_word' id='word_1_79' title='bbox 999 1302 1183 1369; x_wconf 84' lang='lat' dir='ltr'><strong>inmortalis</strong></span> <span class='ocrx_word' id='word_1_80' title='bbox 1225 1305 1227 1310; x_wconf 84' lang='grc'><strong>’</strong></span> 
     </span>
     <span class='ocr_line' id='line_1_11' title="bbox 145 1409 1249 1492; baseline -0.004 -18"><span class='ocrx_word' id='word_1_81' title='bbox 145 1431 227 1486; x_wconf 91' lang='lat' dir='ltr'><strong>esse,</strong></span> <span class='ocrx_word' id='word_1_82' title='bbox 243 1410 302 1474; x_wconf 90' lang='lat' dir='ltr'><strong>sed</strong></span> <span class='ocrx_word' id='word_1_83' title='bbox 318 1409 452 1474; x_wconf 85' lang='lat' dir='ltr'><strong>fortium</strong></span> <span class='ocrx_word' id='word_1_84' title='bbox 467 1409 696 1492; x_wconf 91' lang='lat' dir='ltr'><strong>bonorumque</strong></span> <span class='ocrx_word' id='word_1_85' title='bbox 714 1409 851 1474; x_wconf 89' lang='lat' dir='ltr'><strong>divinos.</strong></span> <span class='ocrx_word' id='word_1_86' title='bbox 894 1411 944 1476; x_wconf 86' lang='lat'><strong>28.</strong></span> <span class='ocrx_word' id='word_1_87' title='bbox 990 1409 1080 1472; x_wconf 90' lang='lat' dir='ltr'><strong>Bene</strong></span> <span class='ocrx_word' id='word_1_88' title='bbox 1095 1428 1182 1483; x_wconf 87' lang='lat' dir='ltr'><strong>vero,</strong></span> <span class='ocrx_word' id='word_1_89' title='bbox 1209 1422 1249 1470; x_wconf 91' lang='lat'><strong>10</strong></span> 
     </span>
     <span class='ocr_line' id='line_1_12' title="bbox 146 1511 1182 1596; baseline -0.003 -19"><span class='ocrx_word' id='word_1_90' title='bbox 146 1513 237 1596; x_wconf 94' lang='lat' dir='ltr'><strong>quod</strong></span> <span class='ocrx_word' id='word_1_91' title='bbox 267 1513 374 1588; x_wconf 90' lang='lat' dir='ltr'><strong>Mens,</strong></span> <span class='ocrx_word' id='word_1_92' title='bbox 405 1513 524 1589; x_wconf 88' lang='lat' dir='ltr'><strong>Pietas,</strong></span> <span class='ocrx_word' id='word_1_93' title='bbox 548 1511 672 1588; x_wconf 89' lang='lat' dir='ltr'>Virtus,</span> <span class='ocrx_word' id='word_1_94' title='bbox 700 1511 799 1576; x_wconf 90' lang='lat' dir='ltr'>Fides</span> <span class='ocrx_word' id='word_1_95' title='bbox 825 1520 1035 1576; x_wconf 87' lang='lat' dir='ltr'><strong>consecratur</strong></span> <span class='ocrx_word' id='word_1_96' title='bbox 1058 1530 1182 1575; x_wconf 90' lang='lat' dir='ltr'><strong>manu:</strong></span> 
     </span>
     <span class='ocr_line' id='line_1_13' title="bbox 146 1614 1181 1700; baseline -0.001 -21"><span class='ocrx_word' id='word_1_97' title='bbox 146 1636 287 1700; x_wconf 90' lang='lat' dir='ltr'><strong>quarum</strong></span> <span class='ocrx_word' id='word_1_98' title='bbox 303 1617 451 1680; x_wconf 91' lang='lat' dir='ltr'><strong>omniurn</strong></span> <span class='ocrx_word' id='word_1_99' title='bbox 469 1616 599 1679; x_wconf 89' lang='lat' dir='ltr'><strong>Rornae</strong></span> <span class='ocrx_word' id='word_1_100' title='bbox 618 1615 773 1680; x_wconf 86' lang='lat' dir='ltr'><strong>dedicata</strong></span> <span class='ocrx_word' id='word_1_101' title='bbox 794 1615 925 1698; x_wconf 92' lang='lat' dir='ltr'><strong>publice</strong></span> <span class='ocrx_word' id='word_1_102' title='bbox 940 1614 1066 1698; x_wconf 84' lang='lat' dir='ltr'><strong>templa</strong></span> <span class='ocrx_word' id='word_1_103' title='bbox 1081 1621 1181 1678; x_wconf 92' lang='lat' dir='ltr'><strong>sunt:</strong></span> 
     </span>
     <span class='ocr_line' id='line_1_14' title="bbox 145 1717 1182 1802; baseline -0.004 -18"><span class='ocrx_word' id='word_1_104' title='bbox 145 1728 184 1785; x_wconf 96' lang='lat' dir='ltr'><strong>ut</strong></span> <span class='ocrx_word' id='word_1_105' title='bbox 209 1719 265 1782; x_wconf 88' lang='lat' dir='ltr'><strong>illa</strong></span> <span class='ocrx_word' id='word_1_106' title='bbox 279 1720 337 1802; x_wconf 92' lang='lat' dir='ltr'><strong>qui</strong></span> <span class='ocrx_word' id='word_1_107' title='bbox 359 1717 674 1783; x_wconf 85' lang='lat' dir='ltr'><strong>habeant-habeut</strong></span> <span class='ocrx_word' id='word_1_108' title='bbox 700 1727 813 1783; x_wconf 87' lang='lat' dir='ltr'><strong>autem</strong></span> <span class='ocrx_word' id='word_1_109' title='bbox 837 1740 953 1784; x_wconf 90' lang='lat' dir='ltr'><strong>omnes</strong></span> <span class='ocrx_word' id='word_1_110' title='bbox 977 1717 1182 1784; x_wconf 91' lang='lat' dir='ltr'><strong>boni-deos</strong></span> 
     </span>
     <span class='ocr_line' id='line_1_15' title="bbox 145 1820 1182 1906; baseline -0.003 -20"><span class='ocrx_word' id='word_1_111' title='bbox 145 1823 236 1906; x_wconf 90' lang='lat' dir='ltr'><strong>ipsos</strong></span> <span class='ocrx_word' id='word_1_112' title='bbox 251 1823 285 1886; x_wconf 93' lang='lat' dir='ltr'><strong>in</strong></span> <span class='ocrx_word' id='word_1_113' title='bbox 300 1822 419 1886; x_wconf 86' lang='lat' dir='ltr'><strong>animis</strong></span> <span class='ocrx_word' id='word_1_114' title='bbox 433 1821 501 1886; x_wconf 89' lang='lat' dir='ltr'><strong>suis</strong></span> <span class='ocrx_word' id='word_1_115' title='bbox 516 1820 707 1886; x_wconf 83' lang='lat' dir='ltr'><strong>conlocatos</strong></span> <span class='ocrx_word' id='word_1_116' title='bbox 722 1830 849 1904; x_wconf 82' lang='lat' dir='ltr'><strong>putent</strong></span> <span class='ocrx_word' id='word_1_117' title='bbox 887 1822 977 1887; x_wconf 87' lang='lat' dir='ltr'><strong>Nam</strong></span> <span class='ocrx_word' id='word_1_118' title='bbox 994 1821 1074 1886; x_wconf 91' lang='lat' dir='ltr'><strong>illud</strong></span> <span class='ocrx_word' id='word_1_119' title='bbox 1085 1821 1182 1886; x_wconf 86' lang='lat' dir='ltr'><strong>vitio·</strong></span> 
     </span>
     <span class='ocr_line' id='line_1_16' title="bbox 145 1924 1244 2009; baseline -0.004 -17"><span class='ocrx_word' id='word_1_120' title='bbox 145 1947 219 1992; x_wconf 92' lang='lat' dir='ltr'><strong>sum</strong></span> <span class='ocrx_word' id='word_1_121' title='bbox 234 1924 379 1990; x_wconf 87' lang='lat' dir='ltr'>Athenis</span> <span class='ocrx_word' id='word_1_122' title='bbox 394 1924 494 2008; x_wconf 94' lang='lat' dir='ltr'><strong>quod,</strong></span> <span class='ocrx_word' id='word_1_123' title='bbox 511 1924 653 2008; x_wconf 89' lang='lat' dir='ltr'>Cylonio</span> <span class='ocrx_word' id='word_1_124' title='bbox 668 1924 790 1988; x_wconf 90' lang='lat' dir='ltr'><strong>scelere</strong></span> <span class='ocrx_word' id='word_1_125' title='bbox 813 1926 958 2009; x_wconf 88' lang='lat' dir='ltr'><strong>expiato,</strong></span> <span class='ocrx_word' id='word_1_126' title='bbox 982 1924 1182 2008; x_wconf 91' lang='lat' dir='ltr'><strong>Epimenide</strong></span> <span class='ocrx_word' id='word_1_127' title='bbox 1208 1936 1244 2004; x_wconf 81' lang='lat'><strong>15</strong></span> 
     </span>
     <span class='ocr_line' id='line_1_17' title="bbox 146 2026 1181 2111; baseline -0.004 -16"><span class='ocrx_word' id='word_1_128' title='bbox 146 2029 246 2096; x_wconf 86' lang='lat' dir='ltr'><strong>Crete</strong></span> <span class='ocrx_word' id='word_1_129' title='bbox 267 2029 429 2093; x_wconf 89' lang='lat' dir='ltr'><strong>suadente</strong></span> <span class='ocrx_word' id='word_1_130' title='bbox 451 2028 600 2092; x_wconf 88' lang='lat' dir='ltr'><strong>fecerunt</strong></span> <span class='ocrx_word' id='word_1_131' title='bbox 623 2026 854 2092; x_wconf 85' lang='lat' dir='ltr'><strong>Contumeliae</strong></span> <span class='ocrx_word' id='word_1_132' title='bbox 880 2028 995 2092; x_wconf 83' lang='lat' dir='ltr'><strong>sanum</strong></span> <span class='ocrx_word' id='word_1_133' title='bbox 1019 2038 1053 2093; x_wconf 91' lang='lat' dir='ltr'><strong>et</strong></span> <span class='ocrx_word' id='word_1_134' title='bbox 1079 2029 1181 2111; x_wconf 90' lang='lat' dir='ltr'><strong>Inpu-</strong></span> 
     </span>
     <span class='ocr_line' id='line_1_18' title="bbox 144 2130 1182 2212; baseline -0.003 -15"><span class='ocrx_word' id='word_1_135' title='bbox 144 2133 278 2198; x_wconf 87' lang='lat' dir='ltr'><strong>dentiae</strong></span> <span class='ocrx_word' id='word_1_136' title='bbox 292 2153 301 2212; x_wconf 92' lang='lat'>;</span> <span class='ocrx_word' id='word_1_137' title='bbox 322 2132 460 2197; x_wconf 89' lang='lat' dir='ltr'><strong>virtutes</strong></span> <span class='ocrx_word' id='word_1_138' title='bbox 476 2131 573 2208; x_wconf 91' lang='lat' dir='ltr'><strong>enirn,</strong></span> <span class='ocrx_word' id='word_1_139' title='bbox 590 2150 656 2194; x_wconf 92' lang='lat' dir='ltr'><strong>non</strong></span> <span class='ocrx_word' id='word_1_140' title='bbox 671 2131 752 2196; x_wconf 85' lang='lat' dir='ltr'><strong>vitia</strong></span> <span class='ocrx_word' id='word_1_141' title='bbox 766 2151 957 2196; x_wconf 86' lang='lat' dir='ltr'><strong>consecrare</strong></span> <span class='ocrx_word' id='word_1_142' title='bbox 968 2131 1073 2196; x_wconf 86' lang='lat' dir='ltr'><strong>decet.</strong></span> <span class='ocrx_word' id='word_1_143' title='bbox 1095 2130 1182 2194; x_wconf 87' lang='lat' dir='ltr'><strong>Ara-</strong></span> 
     </span>
     <span class='ocr_line' id='line_1_19' title="bbox 142 2232 1180 2321; baseline -0.005 -20"><span class='ocrx_word' id='word_1_144' title='bbox 142 2257 208 2321; x_wconf 90' lang='lat' dir='ltr'><strong>que</strong></span> <span class='ocrx_word' id='word_1_145' title='bbox 221 2244 354 2301; x_wconf 87' lang='lat' dir='ltr'><strong>vetusta</strong></span> <span class='ocrx_word' id='word_1_146' title='bbox 375 2235 409 2299; x_wconf 94' lang='lat' dir='ltr'><strong>in</strong></span> <span class='ocrx_word' id='word_1_147' title='bbox 437 2233 564 2299; x_wconf 84' lang='lat' dir='ltr'><strong>Palatio</strong></span> <span class='ocrx_word' id='word_1_148' title='bbox 589 2232 703 2298; x_wconf 90' lang='lat' dir='ltr'><strong>Febris</strong></span> <span class='ocrx_word' id='word_1_149' title='bbox 719 2233 871 2299; x_wconf 80' lang='lat' dir='ltr'><strong>etaltera</strong></span> <span class='ocrx_word' id='word_1_150' title='bbox 893 2233 1051 2318; x_wconf 90' lang='lat' dir='ltr'><strong>Esquiliis</strong></span> <span class='ocrx_word' id='word_1_151' title='bbox 1068 2232 1180 2297; x_wconf 85' lang='lat' dir='ltr'><strong>Malae</strong></span> 
     </span>
    </p>
   </div>
   <div class='ocr_carea' id='block_1_3' title="bbox 100 2559 1182 3868">
    <p class='ocr_par' dir='ltr' id='par_1_3' title="bbox 100 2559 1181 2762">
     <span class='ocr_line' id='line_1_20' title="bbox 100 2559 1181 2628; baseline -0.006 -13"><span class='ocrx_word' id='word_1_152' title='bbox 100 2569 106 2580; x_wconf 88' lang='lat'>&#39;</span> <span class='ocrx_word' id='word_1_153' title='bbox 208 2567 230 2626; x_wconf 68' lang='grc' dir='ltr'><strong>ἓ.</strong></span> <span class='ocrx_word' id='word_1_154' title='bbox 243 2564 283 2615; x_wconf 85' lang='grc'><strong>27.</strong></span> <span class='ocrx_word' id='word_1_155' title='bbox 298 2563 405 2614; x_wconf 65' lang='lat' dir='ltr'><strong>Larum.</strong></span> <span class='ocrx_word' id='word_1_156' title='bbox 441 2573 499 2612; x_wconf 79' lang='lat' dir='ltr'>MSS.</span> <span class='ocrx_word' id='word_1_157' title='bbox 514 2559 621 2611; x_wconf 75' lang='lat' dir='ltr'><strong>Porum.</strong></span> <span class='ocrx_word' id='word_1_158' title='bbox 657 2560 714 2610; x_wconf 87' lang='lat' dir='ltr'><strong>The</strong></span> <span class='ocrx_word' id='word_1_159' title='bbox 725 2561 802 2611; x_wconf 85' lang='lat' dir='ltr'><strong>Lares</strong></span> <span class='ocrx_word' id='word_1_160' title='bbox 813 2577 878 2612; x_wconf 84' lang='lat' dir='ltr'><strong>were</strong></span> <span class='ocrx_word' id='word_1_161' title='bbox 889 2559 989 2628; x_wconf 85' lang='lat' dir='ltr'><strong>properi</strong></span> <span class='ocrx_word' id='word_1_162' title='bbox 1022 2560 1065 2612; x_wconf 87' lang='lat' dir='ltr'><strong>the</strong></span> <span class='ocrx_word' id='word_1_163' title='bbox 1075 2559 1181 2625; x_wconf 78' lang='lat' dir='ltr'><strong>tutelsry</strong></span> 
     </span>
     <span class='ocr_line' id='line_1_21' title="bbox 144 2626 1178 2696; baseline -0.007 -14"><span class='ocrx_word' id='word_1_164' title='bbox 144 2629 208 2696; x_wconf 81' lang='lat' dir='ltr'><strong>gods</strong></span> <span class='ocrx_word' id='word_1_165' title='bbox 219 2629 248 2680; x_wconf 86' lang='lat' dir='ltr'><strong>ol</strong></span> <span class='ocrx_word' id='word_1_166' title='bbox 263 2629 307 2680; x_wconf 90' lang='lat' dir='ltr'><strong>the</strong></span> <span class='ocrx_word' id='word_1_167' title='bbox 316 2628 402 2690; x_wconf 87' lang='lat' dir='ltr'><strong>house,</strong></span> <span class='ocrx_word' id='word_1_168' title='bbox 417 2627 493 2678; x_wconf 76' lang='lat' dir='ltr'><strong>Lares</strong></span> <span class='ocrx_word' id='word_1_169' title='bbox 507 2627 656 2676; x_wconf 80' lang='lat' dir='ltr'><strong>Familiares</strong></span> <span class='ocrx_word' id='word_1_170' title='bbox 661 2640 674 2686; x_wconf 90' lang='lat'><strong>,·</strong></span> <span class='ocrx_word' id='word_1_171' title='bbox 690 2626 735 2676; x_wconf 90' lang='lat' dir='ltr'><strong>but</strong></span> <span class='ocrx_word' id='word_1_172' title='bbox 752 2627 821 2676; x_wconf 86' lang='lat' dir='ltr'><strong>there</strong></span> <span class='ocrx_word' id='word_1_173' title='bbox 833 2642 897 2678; x_wconf 85' lang='lat' dir='ltr'><strong>were</strong></span> <span class='ocrx_word' id='word_1_174' title='bbox 915 2627 970 2688; x_wconf 82' lang='lat' dir='ltr'><strong>also</strong></span> <span class='ocrx_word' id='word_1_175' title='bbox 1031 2643 1058 2678; x_wconf 88' lang='lat' dir='ltr'><strong>es</strong></span> <span class='ocrx_word' id='word_1_176' title='bbox 1073 2627 1178 2688; x_wconf 83' lang='lat' dir='ltr'><strong>Publici,</strong></span> 
     </span>
     <span class='ocr_line' id='line_1_22' title="bbox 144 2691 867 2762; baseline -0.007 -15"><span class='ocrx_word' id='word_1_177' title='bbox 144 2713 196 2762; x_wconf 69' lang='lat' dir='ltr'><strong>ng.</strong></span> <span class='ocrx_word' id='word_1_178' title='bbox 209 2695 322 2755; x_wconf 78' lang='lat' dir='ltr'><strong>Rurales,</strong></span> <span class='ocrx_word' id='word_1_179' title='bbox 339 2694 489 2758; x_wconf 61' lang='lat' dir='ltr'><strong>Compitales,</strong></span> <span class='ocrx_word' id='word_1_180' title='bbox 505 2693 582 2754; x_wconf 87' lang='lat' dir='ltr'><strong>(Dict.</strong></span> <span class='ocrx_word' id='word_1_181' title='bbox 597 2691 685 2757; x_wconf 89' lang='lat' dir='ltr'><strong>Antiq.</strong></span> <span class='ocrx_word' id='word_1_182' title='bbox 702 2693 867 2756; x_wconf 81' lang='lat' dir='ltr'><strong>Compitalia).</strong></span> 
     </span>
    </p>

    <p class='ocr_par' dir='ltr' id='par_1_4' title="bbox 144 2755 1181 3018">
     <span class='ocr_line' id='line_1_23' title="bbox 211 2755 1181 2824; baseline -0.004 -14"><span class='ocrx_word' id='word_1_183' title='bbox 211 2759 365 2821; x_wconf 75' lang='lat' dir='ltr'><strong>antiquitus.</strong></span> <span class='ocrx_word' id='word_1_184' title='bbox 401 2774 442 2824; x_wconf 84' lang='lat' dir='ltr'><strong>cp.</strong></span> <span class='ocrx_word' id='word_1_185' title='bbox 456 2758 539 2818; x_wconf 82' lang='lat' dir='ltr'><strong>Pluto,</strong></span> <span class='ocrx_word' id='word_1_186' title='bbox 552 2757 641 2806; x_wconf 76' lang='lat' dir='ltr'><strong>Plrilcb.</strong></span> <span class='ocrx_word' id='word_1_187' title='bbox 659 2756 696 2807; x_wconf 88' lang='lat'><strong>16.</strong></span> <span class='ocrx_word' id='word_1_188' title='bbox 710 2769 734 2806; x_wconf 86' lang='lat' dir='ltr'><strong>e.</strong></span> <span class='ocrx_word' id='word_1_189' title='bbox 748 2757 820 2822; x_wconf 77' lang='lat' dir='ltr'><strong>legg.</strong></span> <span class='ocrx_word' id='word_1_190' title='bbox 834 2755 890 2820; x_wconf 84' lang='lat'><strong>948.</strong></span> <span class='ocrx_word' id='word_1_191' title='bbox 905 2769 929 2808; x_wconf 79' lang='lat' dir='ltr'><strong>B.</strong></span> <span class='ocrx_word' id='word_1_192' title='bbox 965 2757 1085 2808; x_wconf 84' lang='lat' dir='ltr'><strong>Aristotle</strong></span> <span class='ocrx_word' id='word_1_193' title='bbox 1096 2756 1181 2807; x_wconf 84' lang='lat' dir='ltr'>thinks</span> 
     </span>
     <span class='ocr_line' id='line_1_24' title="bbox 145 2821 1181 2886; baseline -0.006 -9"><span class='ocrx_word' id='word_1_194' title='bbox 145 2826 286 2877; x_wconf 85' lang='lat' dir='ltr'><strong>otherwise:</strong></span> <span class='ocrx_word' id='word_1_195' title='bbox 299 2824 360 2874; x_wconf 78' lang='lat' dir='ltr'><strong>cirris</strong></span> <span class='ocrx_word' id='word_1_196' title='bbox 377 2842 405 2872; x_wconf 84' lang='lat' dir='ltr'><strong>re</strong></span> <span class='ocrx_word' id='word_1_197' title='bbox 422 2824 477 2873; x_wconf 82' lang='grc' dir='ltr'>τους</span> <span class='ocrx_word' id='word_1_198' title='bbox 494 2822 611 2884; x_wconf 71' lang='grc' dir='ltr'>πρώτους,</span> <span class='ocrx_word' id='word_1_199' title='bbox 632 2823 803 2884; x_wconf 64' lang='lat' dir='ltr'><strong>sinyrnensis</strong></span> <span class='ocrx_word' id='word_1_200' title='bbox 822 2825 886 2883; x_wconf 74' lang='grc' dir='ltr'><strong>ἦσαν</strong></span> <span class='ocrx_word' id='word_1_201' title='bbox 902 2821 948 2872; x_wconf 73' lang='grc' dir='ltr'>εἶτ’</span> <span class='ocrx_word' id='word_1_202' title='bbox 964 2825 992 2872; x_wconf 73' lang='grc' dir='ltr'><strong>ἐκ</strong></span> <span class='ocrx_word' id='word_1_203' title='bbox 1010 2824 1103 2886; x_wconf 77' lang='grc' dir='ltr'>φθορᾶς</span> <span class='ocrx_word' id='word_1_204' title='bbox 1119 2823 1181 2871; x_wconf 82' lang='grc' dir='ltr'>τινὸς</span> 
     </span>
     <span class='ocr_line' id='line_1_25' title="bbox 144 2887 1180 2952; baseline -0.004 -11"><span class='ocrx_word' id='word_1_205' title='bbox 144 2893 280 2952; x_wconf 73' lang='grc' dir='ltr'><strong><em>ἐσώθησαν,</em></strong></span> <span class='ocrx_word' id='word_1_206' title='bbox 295 2890 387 2949; x_wconf 76' lang='grc' dir='ltr'>ὁμοίους</span> <span class='ocrx_word' id='word_1_207' title='bbox 397 2889 456 2938; x_wconf 80' lang='grc' dir='ltr'>εἶναι</span> <span class='ocrx_word' id='word_1_208' title='bbox 467 2889 507 2938; x_wconf 74' lang='grc' dir='ltr'><strong>καὶ</strong></span> <span class='ocrx_word' id='word_1_209' title='bbox 519 2889 574 2936; x_wconf 78' lang='grc' dir='ltr'>τοὺς</span> <span class='ocrx_word' id='word_1_210' title='bbox 583 2887 702 2949; x_wconf 74' lang='grc' dir='ltr'><strong>τυχόντας</strong></span> <span class='ocrx_word' id='word_1_211' title='bbox 712 2889 752 2937; x_wconf 74' lang='grc' dir='ltr'><strong>καὶ</strong></span> <span class='ocrx_word' id='word_1_212' title='bbox 764 2889 818 2938; x_wconf 82' lang='grc' dir='ltr'>τους</span> <span class='ocrx_word' id='word_1_213' title='bbox 829 2887 1032 2950; x_wconf 73' lang='grc' dir='ltr'>ἀνοήτους-ὥστ’</span> <span class='ocrx_word' id='word_1_214' title='bbox 1050 2890 1141 2938; x_wconf 68' lang='grc' dir='ltr'>ἄτοπον</span> <span class='ocrx_word' id='word_1_215' title='bbox 1150 2888 1180 2937; x_wconf 84' lang='grc' dir='ltr'><strong>τὸ</strong></span> 
     </span>
     <span class='ocr_line' id='line_1_26' title="bbox 144 2951 750 3018; baseline -0.007 -12"><span class='ocrx_word' id='word_1_216' title='bbox 144 2958 224 3018; x_wconf 79' lang='grc' dir='ltr'>μένειν</span> <span class='ocrx_word' id='word_1_217' title='bbox 233 2958 259 3005; x_wconf 79' lang='grc' dir='ltr'><strong>ἐν</strong></span> <span class='ocrx_word' id='word_1_218' title='bbox 270 2956 320 3005; x_wconf 81' lang='grc' dir='ltr'>τοῖς</span> <span class='ocrx_word' id='word_1_219' title='bbox 329 2957 421 3004; x_wconf 79' lang='grc' dir='ltr'>τούτων</span> <span class='ocrx_word' id='word_1_220' title='bbox 432 2953 551 3015; x_wconf 68' lang='grc' dir='ltr'><strong>δόγμασιν</strong></span> <span class='ocrx_word' id='word_1_221' title='bbox 562 2953 644 3014; x_wconf 74' lang='lat' dir='ltr'><strong>(Pelii.</strong></span> <span class='ocrx_word' id='word_1_222' title='bbox 659 2965 690 3002; x_wconf 89' lang='lat'><strong>11.</strong></span> <span class='ocrx_word' id='word_1_223' title='bbox 704 2951 750 3013; x_wconf 87' lang='grc'><strong>8.).</strong></span> 
     </span>
    </p>

    <p class='ocr_par' dir='ltr' id='par_1_5' title="bbox 144 3017 1182 3212">
     <span class='ocr_line' id='line_1_27' title="bbox 209 3017 1182 3083; baseline -0.007 -12"><span class='ocrx_word' id='word_1_224' title='bbox 209 3024 230 3082; x_wconf 71' lang='lat'><strong>§-</strong></span> <span class='ocrx_word' id='word_1_225' title='bbox 244 3021 286 3071; x_wconf 79' lang='lat'><strong>28.</strong></span> <span class='ocrx_word' id='word_1_226' title='bbox 297 3033 386 3069; x_wconf 73' lang='lat' dir='ltr'><strong>manu.</strong></span> <span class='ocrx_word' id='word_1_227' title='bbox 424 3019 512 3068; x_wconf 88' lang='lat' dir='ltr'><strong>Feldh.</strong></span> <span class='ocrx_word' id='word_1_228' title='bbox 526 3017 651 3067; x_wconf 67' lang='lat' dir='ltr'><strong>humana.</strong></span> <span class='ocrx_word' id='word_1_229' title='bbox 690 3018 709 3044; x_wconf 85' lang='lat'><strong>“</strong></span> <span class='ocrx_word' id='word_1_230' title='bbox 717 3034 796 3067; x_wconf 84' lang='lat' dir='ltr'><strong>manu</strong></span> <span class='ocrx_word' id='word_1_231' title='bbox 807 3019 824 3068; x_wconf 87' lang='lat' dir='ltr'><strong>i.</strong></span> <span class='ocrx_word' id='word_1_232' title='bbox 834 3034 852 3068; x_wconf 84' lang='grc' dir='ltr'><strong>ι.</strong></span> <span class='ocrx_word' id='word_1_233' title='bbox 864 3019 971 3068; x_wconf 70' lang='lat' dir='ltr'><strong>hominis</strong></span> <span class='ocrx_word' id='word_1_234' title='bbox 980 3025 1053 3083; x_wconf 79' lang='lat' dir='ltr'><strong>opere,</strong></span> <span class='ocrx_word' id='word_1_235' title='bbox 1066 3017 1144 3081; x_wconf 82' lang='lat' dir='ltr'><strong>signis</strong></span> <span class='ocrx_word' id='word_1_236' title='bbox 1159 3023 1182 3064; x_wconf 83' lang='lat' dir='ltr'><strong>ct</strong></span> 
     </span>
     <span class='ocr_line' id='line_1_28' title="bbox 144 3081 1178 3200; baseline -0.007 -63"><span class='ocrx_word' id='word_1_237' title='bbox 144 3087 256 3147; x_wconf 69' lang='lat' dir='ltr'><strong>delubris,</strong></span> <span class='ocrx_word' id='word_1_238' title='bbox 271 3102 321 3136; x_wconf 80' lang='lat' dir='ltr'><strong>non</strong></span> <span class='ocrx_word' id='word_1_239' title='bbox 331 3086 409 3200; x_wconf 54' lang='lat' dir='ltr'><strong>stoilffl</strong></span> <span class='ocrx_word' id='word_1_240' title='bbox 421 3084 623 3133; x_wconf 82' lang='lat' dir='ltr'><strong>mmtectanimo</strong></span> <span class='ocrx_word' id='word_1_241' title='bbox 638 3084 688 3150; x_wconf 85' lang='lat' dir='ltr'><strong>(op.</strong></span> <span class='ocrx_word' id='word_1_242' title='bbox 701 3084 732 3132; x_wconf 82' lang='lat' dir='ltr'><strong>de</strong></span> <span class='ocrx_word' id='word_1_243' title='bbox 739 3085 802 3133; x_wconf 80' lang='lat' dir='ltr'><strong>Nat.</strong></span> <span class='ocrx_word' id='word_1_244' title='bbox 815 3085 890 3134; x_wconf 80' lang='lat' dir='ltr'><strong>Dm.</strong></span> <span class='ocrx_word' id='word_1_245' title='bbox 905 3095 936 3134; x_wconf 91' lang='lat'><strong>11.</strong></span> <span class='ocrx_word' id='word_1_246' title='bbox 954 3083 995 3145; x_wconf 89' lang='lat'><strong>60,</strong></span> <span class='ocrx_word' id='word_1_247' title='bbox 1017 3091 1070 3147; x_wconf 81' lang='lat'>151.</span> <span class='ocrx_word' id='word_1_248' title='bbox 1083 3082 1113 3130; x_wconf 81' lang='lat' dir='ltr'><strong>de</strong></span> <span class='ocrx_word' id='word_1_249' title='bbox 1130 3081 1178 3145; x_wconf 84' lang='lat' dir='ltr'><strong>Off.</strong></span> 
     </span>
     <span class='ocr_line' id='line_1_29' title="bbox 145 3149 444 3212; baseline -0.017 -9"><span class='ocrx_word' id='word_1_250' title='bbox 145 3152 182 3204; x_wconf 92' lang='lat'><strong>11.</strong></span> <span class='ocrx_word' id='word_1_251' title='bbox 213 3165 248 3212; x_wconf 94' lang='lat'><strong>,1</strong></span> <span class='ocrx_word' id='word_1_252' title='bbox 290 3149 304 3172; x_wconf 94' lang='lat'>”</span> <span class='ocrx_word' id='word_1_253' title='bbox 405 3165 444 3199; x_wconf 89' lang='lat' dir='ltr'><strong>en.</strong></span> 
     </span>
    </p>

    <p class='ocr_par' dir='ltr' id='par_1_6' title="bbox 143 3152 1182 3540">
     <span class='ocr_line' id='line_1_30' title="bbox 196 3152 1182 3281; baseline -0.009 -13"><span class='ocrx_word' id='word_1_254' title='bbox 196 3152 316 3268; x_wconf 63' lang='lat' dir='ltr'><strong>3Rorhln.</strong></span> <span class='ocrx_word' id='word_1_255' title='bbox 352 3231 391 3281; x_wconf 88' lang='lat' dir='ltr'><strong>cp.</strong></span> <span class='ocrx_word' id='word_1_256' title='bbox 415 3215 486 3279; x_wconf 82' lang='lat' dir='ltr'><strong>Livy,</strong></span> <span class='ocrx_word' id='word_1_257' title='bbox 500 3224 571 3263; x_wconf 90' lang='lat' dir='ltr'>xx11.</span> <span class='ocrx_word' id='word_1_258' title='bbox 588 3225 625 3262; x_wconf 89' lang='lat'><strong>10.</strong></span> <span class='ocrx_word' id='word_1_259' title='bbox 665 3212 869 3262; x_wconf 72' lang='lat' dir='ltr'><strong>“Mondaedem</strong></span> <span class='ocrx_word' id='word_1_260' title='bbox 891 3213 919 3263; x_wconf 84' lang='lat' dir='ltr'><strong>T.</strong></span> <span class='ocrx_word' id='word_1_261' title='bbox 942 3212 1060 3262; x_wconf 78' lang='lat' dir='ltr'><strong>Otacilius</strong></span> <span class='ocrx_word' id='word_1_262' title='bbox 1078 3213 1182 3260; x_wconf 72' lang='lat' dir='ltr'><strong>Praetor</strong></span> 
     </span>
     <span class='ocr_line' id='line_1_31' title="bbox 144 3275 1178 3344; baseline -0.002 -14"><span class='ocrx_word' id='word_1_263' title='bbox 144 3280 232 3331; x_wconf 80' lang='lat' dir='ltr'><strong>vovit’&#39;</strong></span> <span class='ocrx_word' id='word_1_264' title='bbox 251 3282 295 3344; x_wconf 86' lang='lat' dir='ltr'><strong>(U.</strong></span> <span class='ocrx_word' id='word_1_265' title='bbox 319 3281 348 3331; x_wconf 82' lang='lat' dir='ltr'><strong>C.</strong></span> <span class='ocrx_word' id='word_1_266' title='bbox 371 3280 436 3344; x_wconf 84' lang='lat'>537).</span> <span class='ocrx_word' id='word_1_267' title='bbox 472 3278 567 3329; x_wconf 86' lang='lat' dir='ltr'><strong>Marius</strong></span> <span class='ocrx_word' id='word_1_268' title='bbox 584 3277 714 3328; x_wconf 80' lang='lat' dir='ltr'><strong>dedicated</strong></span> <span class='ocrx_word' id='word_1_269' title='bbox 731 3279 850 3343; x_wconf 88' lang='lat' dir='ltr'><strong>atemple</strong></span> <span class='ocrx_word' id='word_1_270' title='bbox 865 3275 1178 3328; x_wconf 55' lang='lat' dir='ltr'><strong>“Honoris-virinum</strong></span> 
     </span>
     <span class='ocr_line' id='line_1_32' title="bbox 145 3343 1180 3411; baseline -0.006 -14"><span class='ocrx_word' id='word_1_271' title='bbox 145 3363 179 3397; x_wconf 89' lang='lat' dir='ltr'><strong>on</strong></span> <span class='ocrx_word' id='word_1_272' title='bbox 196 3345 239 3398; x_wconf 85' lang='lat' dir='ltr'><strong>the</strong></span> <span class='ocrx_word' id='word_1_273' title='bbox 257 3345 400 3411; x_wconf 84' lang='lat' dir='ltr'><strong>Capitoline</strong></span> <span class='ocrx_word' id='word_1_274' title='bbox 422 3344 473 3394; x_wconf 81' lang='lat' dir='ltr'><strong>and</strong></span> <span class='ocrx_word' id='word_1_275' title='bbox 491 3343 626 3395; x_wconf 86' lang='lat' dir='ltr'><strong>Marcellus</strong></span> <span class='ocrx_word' id='word_1_276' title='bbox 647 3345 683 3392; x_wconf 86' lang='lat' dir='ltr'><strong>ad</strong></span> <span class='ocrx_word' id='word_1_277' title='bbox 700 3350 800 3406; x_wconf 82' lang='lat' dir='ltr'><strong>portam</strong></span> <span class='ocrx_word' id='word_1_278' title='bbox 821 3343 962 3406; x_wconf 78' lang='lat' dir='ltr'><strong>Capenam:</strong></span> <span class='ocrx_word' id='word_1_279' title='bbox 983 3358 1023 3406; x_wconf 89' lang='lat' dir='ltr'><strong>cp.</strong></span> <span class='ocrx_word' id='word_1_280' title='bbox 1038 3349 1088 3406; x_wconf 80' lang='lat' dir='ltr'><strong>pro</strong></span> <span class='ocrx_word' id='word_1_281' title='bbox 1105 3343 1180 3392; x_wconf 78' lang='lat' dir='ltr'><strong>Sestio</strong></span> 
     </span>
     <span class='ocr_line' id='line_1_33' title="bbox 145 3407 1180 3476; baseline -0.004 -15"><span class='ocrx_word' id='word_1_282' title='bbox 145 3421 202 3461; x_wconf 75' lang='lat' dir='ltr'><strong>nv.</strong></span> <span class='ocrx_word' id='word_1_283' title='bbox 218 3412 270 3462; x_wconf 89' lang='lat'>116.</span> <span class='ocrx_word' id='word_1_284' title='bbox 276 3429 285 3473; x_wconf 89' lang='lat'>;</span> <span class='ocrx_word' id='word_1_285' title='bbox 296 3412 370 3476; x_wconf 83' lang='lat' dir='ltr'><strong>Livy,</strong></span> <span class='ocrx_word' id='word_1_286' title='bbox 381 3422 447 3460; x_wconf 71' lang='lat' dir='ltr'><strong>XXV.</strong></span> <span class='ocrx_word' id='word_1_287' title='bbox 467 3423 507 3473; x_wconf 88' lang='lat'><strong>40.</strong></span> <span class='ocrx_word' id='word_1_288' title='bbox 542 3407 639 3459; x_wconf 77' lang='lat' dir='ltr'><strong>Fides:</strong></span> <span class='ocrx_word' id='word_1_289' title='bbox 657 3409 677 3434; x_wconf 89' lang='lat'>“</span> <span class='ocrx_word' id='word_1_290' title='bbox 690 3408 803 3458; x_wconf 80' lang='lat' dir='ltr'><strong>UtFides</strong></span> <span class='ocrx_word' id='word_1_291' title='bbox 813 3414 843 3457; x_wconf 83' lang='lat' dir='ltr'><strong>ut</strong></span> <span class='ocrx_word' id='word_1_292' title='bbox 851 3409 932 3467; x_wconf 86' lang='lat' dir='ltr'><strong>Mens,</strong></span> <span class='ocrx_word' id='word_1_293' title='bbox 945 3408 1045 3471; x_wconf 77' lang='lat' dir='ltr'><strong>quasin</strong></span> <span class='ocrx_word' id='word_1_294' title='bbox 1063 3408 1180 3472; x_wconf 76' lang='lat' dir='ltr'><strong>Capitolio</strong></span> 
     </span>
     <span class='ocr_line' id='line_1_34' title="bbox 143 3471 1146 3540; baseline -0.003 -14"><span class='ocrx_word' id='word_1_295' title='bbox 143 3477 264 3527; x_wconf 80' lang='lat' dir='ltr'><strong>dcds&#39;catas</strong></span> <span class='ocrx_word' id='word_1_296' title='bbox 273 3477 527 3540; x_wconf 68' lang='lat' dir='ltr'><strong>videnusproximea</strong></span> <span class='ocrx_word' id='word_1_297' title='bbox 537 3476 577 3525; x_wconf 89' lang='lat' dir='ltr'><strong>M.</strong></span> <span class='ocrx_word' id='word_1_298' title='bbox 591 3472 703 3526; x_wconf 87' lang='lat' dir='ltr'><strong>AEmilio</strong></span> <span class='ocrx_word' id='word_1_299' title='bbox 712 3471 831 3523; x_wconf 82' lang='lat' dir='ltr'><strong>Scauro.”</strong></span> <span class='ocrx_word' id='word_1_300' title='bbox 842 3473 915 3523; x_wconf 84' lang='lat' dir='ltr'><strong>deN.</strong></span> <span class='ocrx_word' id='word_1_301' title='bbox 929 3473 965 3522; x_wconf 88' lang='lat' dir='ltr'><strong>D.</strong></span> <span class='ocrx_word' id='word_1_302' title='bbox 980 3484 1011 3522; x_wconf 92' lang='lat'><strong>11.</strong></span> <span class='ocrx_word' id='word_1_303' title='bbox 1025 3473 1092 3523; x_wconf 84' lang='lat' dir='ltr'><strong>xxiii.</strong></span> <span class='ocrx_word' id='word_1_304' title='bbox 1106 3473 1146 3523; x_wconf 90' lang='lat'><strong>61.</strong></span> 
     </span>
    </p>

    <p class='ocr_par' dir='ltr' id='par_1_7' title="bbox 145 3535 1176 3672">
     <span class='ocr_line' id='line_1_35' title="bbox 210 3535 1176 3604; baseline -0.004 -12"><span class='ocrx_word' id='word_1_305' title='bbox 210 3541 329 3604; x_wconf 79' lang='lat' dir='ltr'><strong>oylonro.</strong></span> <span class='ocrx_word' id='word_1_306' title='bbox 369 3541 494 3602; x_wconf 80' lang='lat' dir='ltr'><strong>“thesin</strong></span> <span class='ocrx_word' id='word_1_307' title='bbox 511 3540 538 3590; x_wconf 91' lang='lat' dir='ltr'><strong>in</strong></span> <span class='ocrx_word' id='word_1_308' title='bbox 555 3539 598 3590; x_wconf 87' lang='lat' dir='ltr'><strong>the</strong></span> <span class='ocrx_word' id='word_1_309' title='bbox 613 3545 703 3588; x_wconf 81' lang='lat' dir='ltr'><strong>matter</strong></span> <span class='ocrx_word' id='word_1_310' title='bbox 718 3537 747 3588; x_wconf 82' lang='lat' dir='ltr'><strong>of</strong></span> <span class='ocrx_word' id='word_1_311' title='bbox 761 3535 869 3602; x_wconf 86' lang='lat' dir='ltr'><strong>Cylon.&#39;’</strong></span> <span class='ocrx_word' id='word_1_312' title='bbox 909 3539 939 3588; x_wconf 84' lang='grc' dir='ltr'><strong>τὸ</strong></span> <span class='ocrx_word' id='word_1_313' title='bbox 955 3538 1093 3588; x_wconf 72' lang='grc' dir='ltr'>Κυλώνειον</span> <span class='ocrx_word' id='word_1_314' title='bbox 1110 3540 1176 3602; x_wconf 69' lang='grc' dir='ltr'>ἄγος.</span> 
     </span>
     <span class='ocr_line' id='line_1_36' title="bbox 145 3603 1079 3672; baseline -0.005 -13"><span class='ocrx_word' id='word_1_315' title='bbox 145 3607 230 3660; x_wconf 82' lang='lat' dir='ltr'><strong>Ursin.</strong></span> <span class='ocrx_word' id='word_1_316' title='bbox 245 3609 293 3658; x_wconf 89' lang='lat' dir='ltr'><strong>See</strong></span> <span class='ocrx_word' id='word_1_317' title='bbox 303 3607 417 3672; x_wconf 64' lang='lat' dir='ltr'><strong>Tmeyd.</strong></span> <span class='ocrx_word' id='word_1_318' title='bbox 432 3618 450 3656; x_wconf 93' lang='lat'><strong>1.</strong></span> <span class='ocrx_word' id='word_1_319' title='bbox 468 3605 536 3666; x_wconf 87' lang='lat'>126.;</span> <span class='ocrx_word' id='word_1_320' title='bbox 547 3605 644 3656; x_wconf 83' lang='lat' dir='ltr'><strong>Herod.</strong></span> <span class='ocrx_word' id='word_1_321' title='bbox 658 3615 685 3654; x_wconf 86' lang='lat' dir='ltr'><strong>v.</strong></span> <span class='ocrx_word' id='word_1_322' title='bbox 700 3611 753 3664; x_wconf 87' lang='lat'><strong>71.;</strong></span> <span class='ocrx_word' id='word_1_323' title='bbox 765 3603 844 3664; x_wconf 80' lang='lat' dir='ltr'><strong>Puto,</strong></span> <span class='ocrx_word' id='word_1_324' title='bbox 858 3603 929 3668; x_wconf 72' lang='lat' dir='ltr'><strong>chg.</strong></span> <span class='ocrx_word' id='word_1_325' title='bbox 944 3615 963 3653; x_wconf 82' lang='grc' dir='ltr'><strong>Ι.</strong></span> <span class='ocrx_word' id='word_1_326' title='bbox 981 3603 1036 3666; x_wconf 86' lang='lat'>642.</span> <span class='ocrx_word' id='word_1_327' title='bbox 1052 3616 1079 3654; x_wconf 86' lang='lat' dir='ltr'><strong>n.</strong></span> 
     </span>
    </p>

    <p class='ocr_par' dir='ltr' id='par_1_8' title="bbox 143 3667 1182 3868">
     <span class='ocr_line' id='line_1_37' title="bbox 208 3667 1182 3736; baseline -0.004 -14"><span class='ocrx_word' id='word_1_328' title='bbox 208 3675 322 3722; x_wconf 67' lang='lat' dir='ltr'><strong>vetusto</strong></span> <span class='ocrx_word' id='word_1_329' title='bbox 369 3671 481 3736; x_wconf 76' lang='lat' dir='ltr'><strong>Madvig.</strong></span> <span class='ocrx_word' id='word_1_330' title='bbox 528 3682 587 3720; x_wconf 82' lang='lat' dir='ltr'><strong>uss.</strong></span> <span class='ocrx_word' id='word_1_331' title='bbox 600 3667 795 3719; x_wconf 81' lang='lat' dir='ltr'><strong>havevotustin</strong></span> <span class='ocrx_word' id='word_1_332' title='bbox 804 3669 930 3720; x_wconf 83' lang='lat' dir='ltr'><strong>corrected</strong></span> <span class='ocrx_word' id='word_1_333' title='bbox 946 3671 1085 3720; x_wconf 70' lang='lat' dir='ltr'><strong>remutet.</strong></span> <span class='ocrx_word' id='word_1_334' title='bbox 1099 3685 1138 3734; x_wconf 89' lang='lat' dir='ltr'><strong>cp.</strong></span> <span class='ocrx_word' id='word_1_335' title='bbox 1152 3668 1182 3718; x_wconf 83' lang='lat' dir='ltr'><strong>de</strong></span> 
     </span>
     <span class='ocr_line' id='line_1_38' title="bbox 143 3733 1179 3802; baseline -0.005 -14"><span class='ocrx_word' id='word_1_336' title='bbox 143 3738 180 3789; x_wconf 90' lang='grc' dir='ltr'><strong>Ν.</strong></span> <span class='ocrx_word' id='word_1_337' title='bbox 202 3739 238 3788; x_wconf 84' lang='grc' dir='ltr'><strong>Ι).</strong></span> <span class='ocrx_word' id='word_1_338' title='bbox 260 3750 303 3788; x_wconf 86' lang='lat'>111.</span> <span class='ocrx_word' id='word_1_339' title='bbox 326 3746 366 3802; x_wconf 84' lang='lat'><strong>25.</strong></span> <span class='ocrx_word' id='word_1_340' title='bbox 405 3735 525 3786; x_wconf 75' lang='lat' dir='ltr'><strong>“Febris</strong></span> <span class='ocrx_word' id='word_1_341' title='bbox 535 3737 600 3785; x_wconf 84' lang='lat' dir='ltr'><strong>enim</strong></span> <span class='ocrx_word' id='word_1_342' title='bbox 609 3737 708 3800; x_wconf 84' lang='lat' dir='ltr'><strong>sanum</strong></span> <span class='ocrx_word' id='word_1_343' title='bbox 719 3734 747 3784; x_wconf 87' lang='lat' dir='ltr'><strong>in</strong></span> <span class='ocrx_word' id='word_1_344' title='bbox 764 3735 862 3783; x_wconf 80' lang='lat' dir='ltr'><strong>Palatio</strong></span> <span class='ocrx_word' id='word_1_345' title='bbox 880 3740 903 3784; x_wconf 85' lang='lat' dir='ltr'><strong>et</strong></span> <span class='ocrx_word' id='word_1_346' title='bbox 922 3735 1033 3784; x_wconf 81' lang='lat' dir='ltr'><strong>Orbonae</strong></span> <span class='ocrx_word' id='word_1_347' title='bbox 1048 3735 1085 3785; x_wconf 82' lang='lat' dir='ltr'><strong>ad</strong></span> <span class='ocrx_word' id='word_1_348' title='bbox 1099 3733 1179 3784; x_wconf 68' lang='lat' dir='ltr'><strong>adera</strong></span> 
     </span>
     <span class='ocr_line' id='line_1_39' title="bbox 144 3797 1053 3868; baseline -0.004 -14"><span class='ocrx_word' id='word_1_349' title='bbox 144 3805 243 3854; x_wconf 84' lang='lat' dir='ltr'><strong>Larum</strong></span> <span class='ocrx_word' id='word_1_350' title='bbox 253 3810 277 3853; x_wconf 83' lang='lat' dir='ltr'><strong>et</strong></span> <span class='ocrx_word' id='word_1_351' title='bbox 285 3819 358 3853; x_wconf 87' lang='lat' dir='ltr'><strong>aram</strong></span> <span class='ocrx_word' id='word_1_352' title='bbox 369 3801 459 3852; x_wconf 76' lang='lat' dir='ltr'><strong>Helue</strong></span> <span class='ocrx_word' id='word_1_353' title='bbox 468 3801 604 3852; x_wconf 67' lang='lat' dir='ltr'><strong>Fortunae</strong></span> <span class='ocrx_word' id='word_1_354' title='bbox 614 3799 737 3868; x_wconf 82' lang='lat' dir='ltr'><strong>Esquiliis</strong></span> <span class='ocrx_word' id='word_1_355' title='bbox 746 3805 907 3850; x_wconf 81' lang='lat' dir='ltr'><strong>consecratam</strong></span> <span class='ocrx_word' id='word_1_356' title='bbox 918 3797 1053 3851; x_wconf 74' lang='lat' dir='ltr'><strong>miiemus.’&#39;</strong></span> 
     </span>
    </p>
   </div>
   <div class='ocr_carea' id='block_1_4' title="bbox 1067 3953 1087 3988">
    <p class='ocr_par' dir='ltr' id='par_1_9' title="bbox 1067 3953 1087 3988">
     <span class='ocr_line' id='line_1_40' title="bbox 1067 3953 1087 3988; baseline 0 0"><span class='ocrx_word' id='word_1_357' title='bbox 1067 3953 1087 3988; x_wconf 84' lang='lat' dir='ltr'>K</span> 
     </span>
    </p>
   </div>
   <div class='ocr_carea' id='block_1_5' title="bbox 0 0 1414 4320">
    <p class='ocr_par' dir='ltr' id='par_1_10' title="bbox 0 0 1414 4320">
     <span class='ocr_line' id='line_1_41' title="bbox 0 0 1414 4320; baseline 0 0"><span class='ocrx_word' id='word_1_358' title='bbox 0 0 1414 4320; x_wconf 95' lang='lat' dir='ltr'><strong> </strong></span> 
     </span>
    </p>
   </div>
  </div>
 </body>
</html>
