2754 4322
220 288 261 370 36
472 243 477 254 ’
619 280 795 350 ulcero

220 453 307 519 dinis
332 449 559 538 probarentur.
632 469 683 539 44
728 449 826 535 Quae
854 449 883 516 si
908 453 1005 516 tanta
1026 453 1177 533 potestas
1203 451 1262 512 est

221 555 398 622 stultorum
426 551 601 621 sententiis
625 561 727 637 atque
751 553 856 632 iussis,
882 561 921 619 ut
950 572 1064 618 eorum
1090 550 1261 634 suffragiis

221 679 330 725 rerum
356 665 475 725 natura
488 665 644 746 vertatur,
658 677 717 722 cur
741 677 808 723 non
823 657 977 724 sanciunt
996 665 1043 734 ut,
1058 675 1144 740 quae
1166 653 1261 719 mala

221 763 470 849 pernicioseque
490 770 578 839 sunt,
592 760 778 828 habeantur
791 781 853 847 pro
869 760 966 826 bonis
981 768 1015 826 et
1034 757 1261 825 salutaribus?

162 881 178 947 5
224 874 284 931 aut
308 866 431 931 curius
456 885 502 932 ex
517 865 634 930 iniuria
656 863 714 930 lex
729 863 837 931 iacere
858 864 973 949 possit,
987 862 1114 930 bonurn
1137 861 1260 926 eadem

221 969 330 1034 iacere
354 989 421 1034 non
437 968 543 1052 possit
562 989 607 1034 ex
623 967 735 1034 malo?
756 965 864 1051 Atqui
879 986 940 1032 nos
964 967 1075 1050 legem
1089 965 1213 1031 bonam
1236 985 1261 1030 a

223 1071 312 1136 mala
335 1071 426 1138 nulla
440 1071 505 1137 alia
528 1071 590 1137 nisi
607 1080 746 1136 naturae
760 1090 877 1136 norma
896 1069 1043 1136 dividere
1057 1085 1260 1154 possumus;

222 1195 283 1240 nec
308 1173 417 1241 solum
431 1175 483 1240 ius
508 1182 543 1240 et
557 1173 675 1240 iniuria
690 1181 810 1240 natura
823 1173 1031 1252 diiudicatur,
1044 1172 1106 1238 sed
1120 1171 1260 1237 omnino

222 1279 334 1346 omnia
356 1278 498 1344 honesta
512 1286 547 1344 et
572 1279 690 1362 turpia
734 1278 825 1342 Nam
840 1275 867 1360 †
881 1284 917 1342 et
930 1276 1115 1342 communis
1130 1274 1261 1341 intelle·

163 1399 202 1447 10
222 1384 336 1467 gentia
359 1382 457 1449 nobis
480 1390 577 1448 notas
600 1401 653 1448 res
676 1379 784 1458 efficit,
799 1399 922 1465 easque
946 1380 980 1445 in
995 1380 1113 1444 animis
1137 1378 1261 1443 nostris

222 1484 397 1564 inchoavit,
426 1493 466 1550 ut
507 1483 649 1549 honesta
677 1484 711 1548 in
740 1481 862 1550 virtute
891 1491 1068 1568 ponantur,
1095 1482 1130 1546 in
1169 1481 1261 1548 uitiis

220 1589 342 1673 turpia.
399 1599 448 1672 45
505 1587 558 1652 Ea
585 1593 698 1652 autem
721 1586 755 1651 in
780 1587 939 1671 opinione
962 1585 1163 1662 existimare,
1189 1582 1260 1680 no‘n

223 1693 257 1755 in
283 1698 402 1755 natura
426 1689 536 1773 posita
557 1689 724 1754 dementis
744 1699 803 1756 est
847 1690 939 1754 Nam
965 1709 1027 1754 nec
1049 1687 1175 1754 arboris
1196 1707 1261 1752 nec

224 1794 300 1876 equi
322 1793 427 1858 virtus
452 1811 539 1876 quae
561 1792 688 1870 dicitur,
715 1794 749 1858 in
775 1813 844 1878 quo
865 1792 1033 1858 abutimur
1054 1792 1197 1869 nomine,
1224 1791 1260 1855 in

164 1911 199 1979 15
224 1896 381 1981 opinione
394 1895 460 1961 sita
474 1903 534 1972 est,
548 1894 608 1960 sed
623 1896 657 1960 in
672 1904 798 1962 natura.
823 1894 925 1980 Quod
939 1896 968 1961 si
982 1896 1031 1960 ita
1044 1904 1105 1973 est,
1118 1895 1262 1960 honesta

225 2018 358 2082 quoque
387 2007 422 2064 et
451 1998 561 2082 turpia
587 2007 706 2064 natura
731 1999 944 2065 diiudicanda
968 2007 1055 2064 sunt.
1114 1999 1204 2064 Nam
1231 1998 1261 2062 si

224 2102 381 2186 opinione
404 2099 556 2168 universa
569 2102 682 2180 virtus,
697 2102 815 2169 eadem
841 2103 912 2168 eiua
928 2102 1029 2168 etiam
1050 2109 1162 2186 partes
1185 2122 1262 2186 pro-

289 2301 324 2362 ὅθ
337 2299 449 2351 44-47.
481 2299 537 2350 The
554 2300 665 2351 voteeol
677 2299 720 2349 the
736 2299 868 2350 multitude
886 2299 950 2350 have
966 2315 1001 2350 no
1017 2315 1086 2351 more
1101 2315 1187 2366 power
1201 2313 1264 2352 over
1323 2341 1326 2347 .

226 2363 258 2416 R·
276 2366 304 2416 ht
320 2366 372 2416 end
382 2365 487 2429 Wrong,
500 2365 562 2415 than
579 2381 639 2416 over
652 2363 728 2414 Good
737 2365 788 2414 and
806 2363 872 2416 Evil.
908 2365 1011 2426 Nature,
1025 2366 1068 2416 the
1085 2364 1200 2415 criterion
1215 2373 1263 2416 not

226 2429 932 2548 r
953 2430 1260 2546 uulnere

229 2512 460 2678 shtltllmp
477 2557 811 2626 ='“non-philosophera,”
827 2560 853 2610 iu
871 2511 1076 2626 Stoigarlanoe,
1089 2576 1129 2626 cp.
1150 2561 1261 2624 Horace,

248 2636 446 2688 a.mffl

291 2691 324 2738 ut
334 2703 432 2740 eorum.
466 2687 566 2740 Vahlen
584 2689 688 2740 deiende
706 2689 818 2741 theresa
832 2691 864 2740 ut
873 2703 1003 2753 quorum
1020 2690 1065 2741 ic.
1082 2691 1136 2741 “in
1147 2705 1175 2741 aa
1186 2689 1263 2742 much

227 2771 255 2805 as
276 2755 337 2819 they
357 2769 404 2804 ean
421 2753 516 2820 chr-nge
533 2755 683 2820 dre....Why
700 2756 735 2805 do
753 2755 814 2820 they
832 2763 877 2806 not
894 2754 969 2807 Μ’
1002 2756 1073 2807 Bake
1094 2756 1155 2807 cites
1178 2756 1261 2819 Plato,

227 2823 287 2887 Rep.
302 2831 340 2869 vr.
353 2831 409 2883 493.
413 2854 422 2881 ,
434 2818 518 2870 where
528 2819 578 2870 this
588 2819 700 2886 sophiam
711 2821 732 2870 is
743 2820 871 2871 ridiculed.

293 2886 341 2934 ant
351 2897 406 2936 cur.
442 2895 499 2933 uss.
514 2883 578 2935 have
589 2887 637 2935 aut
647 2897 734 2946 quom.
775 2886 845 2951 Vulg.
858 2887 906 2936 aut
917 2898 972 2947 nnn,
985 2895 1053 2937 oum.

292 2949 376 3012 Atqui
386 2962 442 3000 nou
478 2949 567 2999 Feldh.
581 2950 691 3000 remarks
707 2950 762 3000 that
772 2950 814 3001 the
830 2967 944 3016 pronoen
961 2952 982 3002 is
997 2951 1130 3018 expressed
1148 2950 1175 3001 in
1190 2951 1266 3002 order

225 3025 255 3071 ¹tn
265 3015 414 3082 distinguish
426 3013 514 3065 einero
525 3015 574 3064 and
585 3014 624 3064 his
653 3022 708 3080 arty
717 3015 781 3066 from
792 3016 835 3066 the
846 3017 1006 3082 Epicureana
1119 3059 1130 3078 ,

292 3079 566 3132 Namatoommunre
595 3080 623 3128 H
685 3079 829 3132 thinkathis
930 3089 1073 3148 ecorrupt;
1089 3081 1266 3148 itiapossibly

229 3162 277 3198 one
298 3148 328 3197 ol
345 3147 417 3197 those
438 3145 522 3211 places
544 3143 655 3207 (alluded
676 3152 704 3195 to
725 3145 751 3194 in
773 3146 815 3196 the
835 3147 867 3196 In
923 3147 1028 3208 action)
1040 3147 1122 3198 where
1144 3163 1182 3197 we
1199 3147 1266 3198 heve

228 3212 271 3262 the
286 3212 366 3276 rough
377 3211 483 3278 draught
500 3209 643 3276 containing
653 3209 799 3262 alternative
810 3219 945 3274 sentences,
959 3228 1007 3264 one
1018 3228 1047 3263 or
1062 3213 1135 3264 other
1144 3212 1174 3263 ol
1181 3212 1266 3262 which

229 3276 312 3327 would
323 3277 460 3356 havebeen
471 3275 579 3341 rejected
590 3292 622 3326 on
634 3275 748 3326 revision.
814 3339 820 3352 ι
969 3341 976 3355 ι
1233 3341 1239 3355 ι

232 3339 1268 3474 „trenneenrtnnenbennnenne

229 3471 388 3534 intellegentia
413 3472 434 3522 is
452 3473 512 3522 here
530 3473 592 3524 used
607 3471 734 3539 generally
760 3473 810 3537 (cp.
831 3474 852 3533 h
873 3473 926 3535 27.)
950 3489 978 3523 as
1002 3490 1060 3539 opp.
1081 3480 1108 3523 to
1132 3473 1268 3538 particular

228 3536 406 3600 intellegentiae.
459 3550 517 3588 use.
549 3537 613 3588 hare
648 3553 665 3587 a
694 3537 790 3588 variant
817 3550 850 3587 ea
884 3551 952 3600 quae
980 3539 1031 3588 and
1059 3539 1121 3589 omit
1143 3540 1175 3587 ut
1201 3539 1266 3588 aster

228 3600 374 3661 inchoavit,
393 3599 476 3652 which
486 3602 531 3652 hes
547 3603 611 3654 been
622 3603 768 3663 corrected;
784 3603 863 3652 hence
878 3603 893 3652 I
909 3603 974 3654 have
989 3604 1053 3654 been
1071 3604 1114 3653 led
1123 3610 1151 3654 to
1167 3603 1266 3668 coniec-

228 3675 282 3720 ture
293 3679 325 3716 eu
335 3665 561 3728 quae-inchoata
571 3669 619 3728 eet,
632 3670 664 3717 ut
673 3668 793 3729 honeste,
807 3667 926 3733 referring
934 3681 967 3718 eu
976 3675 1004 3720 to
1013 3667 1208 3731 intellegentia.

292 3733 313 3793 ἓ.
327 3731 369 3781 45.
389 3743 428 3780 ea
464 3731 512 3781 ic.
528 3732 608 3782 virtue
619 3733 669 3781 and
680 3733 742 3784 vice.

291 3795 354 3859 equi
374 3795 469 3845 virtua
516 3796 589 3847 Plato
610 3797 696 3847 affecta
718 3796 768 3848 this
790 3797 940 3860 catachresis,
962 3813 1015 3863 eg.
1037 3799 1139 3864 Apolog.
1162 3809 1199 3850 tv,
1221 3810 1263 3851 20.

226 3863 284 3926 Rep.
301 3874 318 3911 1.
335 3871 389 3926 335.
405 3862 434 3911 B.
