2754 4322
513 289 584 354 oa
619 286 848 356 necinus
914 249 919 262 ’
1132 304 1170 372 35

136 449 237 534 Quod
275 452 302 518 si
343 451 475 518 iustitia·
504 459 569 516 est*
592 450 837 536 obtemperatio
876 449 1006 535 scriptis
1043 450 1172 536 legibus

134 555 360 638 institutisque
386 553 586 639 populorum
601 556 686 634 etsi,
702 563 741 620 ut
763 554 871 620 eidem
888 554 1012 634 dicunt,
1028 554 1171 621 utilitate

133 659 247 723 omnia
262 659 432 724 metienda
445 666 532 736 sunt,
547 657 703 742 negleget
722 658 812 742 leges
827 679 950 742 easque
970 667 1171 744 perrumpet,

132 762 161 825 'si
184 763 315 846 poterit,
332 763 368 839 is,
383 762 440 844 qui
455 760 518 826 sibi
534 781 609 825 eam
625 781 694 825 rem
706 760 918 838 ,fructuosam
933 762 1066 848 putabit
1080 761 1169 828 ¹fore.

133 865 188 930 Ita
203 865 242 931 fit
256 874 294 930 ut
308 864 400 930 nulla
424 865 469 929 sit
490 864 628 942 omnino
643 864 776 942 iustitia,
793 865 821 930 si
847 885 955 948 neque
969 875 1089 932 natura
1106 873 1166 944 est,
1213 855 1229 948 ς’

132 988 247 1052 eaque,
281 988 368 1050 quae
404 975 540 1051 propter
569 966 748 1032 utilitatem
775 968 995 1045 constituitur,
1024 969 1168 1034 utilitate

131 1071 189 1138 illa
217 1070 421 1137 convellitur.
464 1081 526 1155 43,
571 1069 697 1153 Atque,
728 1069 757 1134 si
786 1079 904 1136 natura
933 1071 1167 1139 confirmatura
1224 1105 1227 1111 ·

130 1175 182 1239 ius
222 1194 291 1238 non
319 1174 392 1249 erit,
431 1171 565 1238 virtutos
592 1193 701 1238 omnes
741 1172 907 1240 tollentur.
968 1174 1037 1242 Ubi
1077 1177 1166 1241 enim

130 1276 320 1354 liberalitas,
357 1276 413 1342 ubi
445 1277 572 1360 patriae
606 1277 735 1354 caritas,
769 1275 827 1341 ubi
863 1276 982 1361 pietas,
1016 1278 1073 1343 ubi
1107 1288 1166 1346 aut

130 1380 217 1444 bene
232 1379 379 1444 merendi
404 1380 447 1444 de
461 1380 566 1446 altero
581 1388 640 1446 aut
655 1379 846 1446 referendae
860 1381 988 1464 gratiae
1011 1380 1165 1447 voluntas
1192 1400 1231 1450 10

130 1484 254 1566 poterit
282 1483 467 1548 exsistere?
503 1503 582 1548 nam
612 1481 695 1548 haec
724 1492 905 1550 nascuntur
934 1504 979 1550 ex
1008 1505 1058 1562 eo,
1087 1485 1165 1569 quia

129 1583 248 1680 q'atura
276 1588 431 1672 propensi
460 1608 575 1653 sumus
604 1587 647 1653 ad
678 1586 864 1671 diligendos
889 1586 1051 1667 homines,
1073 1589 1164 1673 quod

128 1690 382 1757 fundamentum
411 1692 490 1758 iuris
519 1699 594 1756 est·
638 1691 758 1774 Neque
798 1691 906 1756 solum
937 1693 971 1757 in
1011 1691 1163 1758 homines

126 1795 294 1879 obsequia,
317 1795 494 1861 sedetiam
519 1794 554 1858 in
568 1794 650 1859 deos
677 1794 897 1860 caerimoniae
922 1795 1163 1880 religionesque

124 1897 294 1976 tolluntur,
309 1919 393 1983 quas
416 1919 483 1963 non
499 1906 600 1974 metu,
615 1897 675 1962 sed
693 1918 734 1963 ea
747 1898 988 1977 coniunctione,
1002 1920 1089 1984 quae
1110 1909 1161 1967 est
1189 1913 1223 1983 15

122 1999 251 2067 homini
265 2023 341 2066 cum
357 2001 431 2080 deo,
445 2000 688 2066 conservandas
703 2009 794 2084 put0.

125 2145 129 2152 ·
189 2106 285 2172 XVI.
329 2104 431 2189 Quod
468 2105 496 2169 si
525 2103 724 2188 populorum
762 2104 867 2184 iussis,
905 2105 934 2172 si
972 2105 1158 2190 principum

122 2208 275 2284 decretis,
305 2210 333 2274 si
370 2207 543 2274 sententiis
581 2207 726 2272 iudicum
765 2208 837 2273 iura
872 2209 1158 2287 constituerentur,

123 2312 181 2376 ius
204 2320 293 2377 esset
333 2311 529 2388 latrocinari,
560 2311 610 2375 ius
639 2310 834 2388 adulterare,
865 2311 916 2376 ius
955 2320 1157 2378 testamenta

122 2414 207 2482 falsa
229 2436 424 2499 supponere,
454 2415 482 2480 si
507 2412 591 2479 haec
615 2414 780 2498 suffragiis
807 2422 866 2479 aut
891 2415 982 2480 scitis
1008 2415 1156 2484 multitu·
1179 2433 1222 2484 20

123 2563 1135 2604 β-..----.-.---..-..---.---.-..--.-...Ιὴ--,,,

186 2678 383 2741 obtemperatio.
420 2678 490 2730 Bake
508 2693 564 2793 ᾖ
578 2677 659 2738 Plato,
683 2678 743 2742 Rep.
765 2688 804 2728 vr.
826 2690 884 2741 493.
904 2678 938 2731 D.
960 2679 1031 2731 πόλει
1048 2681 1155 2734 διακονία

92 2759 95 2766 ·
119 2746 218 2810 (Madv.
232 2746 263 2796 L.
281 2745 310 2796 G.
322 2747 343 2805 §-
357 2757 412 2806 244
428 2744 472 2809 5.).
576 2742 728 2808 Epicuream
739 2759 780 2793 are
791 2751 882 2795 meant.

184 2813 342 2873 perrumpet.
379 2809 476 2861 Gdrenz
486 2824 615 2874 compares
627 2808 669 2858 the
679 2808 766 2874 saying
777 2808 806 2858 of
817 2808 967 2860 Anacharsis
987 2811 1069 2872 (Stola
1085 2824 1150 2864 xnv,

116 2878 196 2993 3531(
207 2876 322 2992 3114ωὲ
326 2875 382 2964 'like
393 2873 504 2941 spiders’
516 2875 591 2936 webs,
605 2874 665 2940 only
675 2874 748 2926 catch
759 2873 802 2924 the
812 2873 876 2925 little
887 2875 941 2928 flies
953 2894 959 2926 ι
978 2876 1021 2927 the
1031 2877 1075 2942 big
1093 2893 1154 2928 ones

134 2959 147 2991 r
235 2957 279 2991 rou

182 2957 303 3056 utilitetga
313 3005 369 3056 ssla
405 3005 462 3055 The
477 3003 609 3069 repetition
620 3004 650 3054 ol
662 3004 704 3055 the
715 3020 828 3069 prononn
846 3005 1007 3066 (nominative
1018 3006 1084 3066 case)
1101 3005 1122 3056 is
1138 3021 1155 3060 a

115 3071 180 3122 little
199 3072 332 3122 awkward.
369 3071 462 3121 Davies
482 3070 546 3146 conj.
587 3069 661 3130 ulla3
679 3070 804 3136 Stephana
821 3069 877 3120 alia
892 3072 909 3122 ι’.
920 3087 939 3124 e.
960 3070 1019 3135 “by
1037 3071 1150 3135 another,

115 3137 238 3198 constantin
265 3134 394 3187 interest.”
427 3135 549 3201 (Madvig,
563 3135 594 3186 L.
611 3136 639 3186 G.
653 3137 673 3196 ἓ.
688 3133 766 3198 489.).

182 3205 203 3263 §-
217 3153 259 3254 ὦ.
305 3201 501 3252 confirmatura
548 3201 618 3251 Bake
639 3201 732 3265 prefers
754 3199 945 3250 confirmatum
992 3199 1048 3252 The
1070 3203 1152 3255 words

114 3269 217 3318 virtutes
227 3284 308 3318 omna
317 3283 360 3318 are
370 3267 481 3332 wanting
491 3266 518 3315 in
528 3266 571 3316 the
581 3267 636 3316 best
648 3278 705 3315 usa

181 3333 358 3383 caerimoniae
378 3339 419 3382 cet.
467 3331 566 3382 Ernesti
587 3331 671 3396 places
692 3331 735 3381 the
756 3345 856 3380 comma
876 3329 939 3379 aller
960 3329 1020 3391 deor,
1044 3333 1149 3401 making

114 3399 275 3449 caerimoniae
296 3398 349 3450 &a
373 3397 536 3463 explanatory
557 3395 586 3446 ol
603 3396 675 3460 obseq.
700 3397 729 3446 in
749 3396 820 3454 daos;
846 3394 885 3446 sor
907 3394 1094 3450 coniunctione
1108 3416 1148 3467 cp.

113 3465 135 3525 θ’
151 3477 337 3591 23prinoipem
373 3529 390 3578 ι’.
399 3543 418 3578 e.
434 3527 501 3578 “the
512 3522 623 3578 Senate”
636 3540 675 3590 cp.
690 3523 720 3574 de
731 3525 801 3575 Orat.
815 3525 836 3576 I.
853 3535 874 3588 7.
888 3529 1148 3596 caaoomprincajoum.

117 3589 254 3659 “Populos
274 3593 366 3644 iubere
386 3593 517 3654 dicebatur,
545 3593 657 3652 Sanno,
685 3589 833 3652 &camera
861 3591 965 3655 Judri‘ar
989 3595 1152 3648 mannam

195 3658 209 3683 η

113 3659 390 3775 ἰωβὶὼέῃῗόῐεηι
411 3723 495 3773 would
514 3721 576 3771 omit
595 3720 638 3772 the
654 3719 785 3785 adjective,
807 3721 914 3773 because
934 3731 1067 3789 stepponem
1085 3705 1155 3779 itself

113 3806 221 3904 {lonveys
240 3789 289 3840 this
308 3791 413 3856 notion3
428 3787 536 3838 haeool
551 3802 637 3840 course
649 3787 723 3838 refers
741 3794 767 3838 to
786 3787 943 3839 latrocinium
966 3793 1018 3842 ἂν.
1031 3806 1071 3854 cp.
1093 3792 1149 3843 Liv.

58 3901 62 3913 ,
138 3871 183 3906 .c.
197 3867 301 3906 xxvm.
