2754 4322
516 351 587 418 os
623 335 851 421 correus.
1154 369 1176 434 9

141 520 253 596 potest
263 512 330 578 nisi
345 521 543 597 praeparato
557 513 628 579 otio
641 493 703 579 nec
718 513 842 598 exiguo
857 521 1009 598 tempore
1029 494 1156 580 absolui
1169 531 1177 591 ;

141 625 176 680 et
204 636 269 700 ego
297 618 400 682 animi
429 617 576 700 pendere
603 617 704 694 soleo,
735 637 810 683 cum
840 618 944 682 semel
973 617 1055 702 quid
1084 637 1179 682 orsus

139 739 222 798 sum,
252 720 281 786 si
321 720 478 785 traducor
509 718 584 795 alio,
626 739 735 803 neque
768 728 839 786 tam
869 721 965 786 facile
995 722 1178 804 interrupta

140 831 288 888 contexo
347 843 390 887 ua
637 823 796 888 instituta
853 837 901 890 10.
954 823 1028 890 Ace
1071 824 1178 906 Lega-

141 927 268 991 tionem
284 926 430 1010 aliquam
454 924 608 989 nimirum
629 925 694 990 ista
719 926 825 991 oratio
850 926 999 1011 postulat
1024 933 1083 992 aut
1107 927 1178 990 eius
1198 939 1200 943 ‘
1224 935 1242 1004 5

141 1030 233 1094 modi
249 1029 441 1113 quampiam
458 1028 639 1093 cessionem
656 1028 793 1093 liberam
809 1038 911 1113 atque
929 1030 1080 1095 otiosam.
1124 1027 1176 1095 Μ’.

141 1132 220 1215 Ego
255 1152 333 1197 vero
367 1131 487 1196 aetatis
522 1131 634 1215 potius
663 1132 828 1197 vacationi
858 1133 1078 1210 confidebam,
1101 1153 1216 1208 cums«¹
1243 1157 1262 1227 ¹,

141 1235 335 1318 praesertim
373 1251 440 1298 nou
477 1253 662 1298 recusarem
697 1254 765 1318 quo
803 1235 912 1300 minus
949 1257 1041 1300 more
1069 1236 1179 1319 patrio
1236 1221 1243 1245 '

141 1338 262 1402 sedens
277 1338 311 1400 in
326 1336 411 1402 solio
424 1337 672 1402 consulentibus
683 1338 918 1422 responderem
933 1338 1179 1422 senectutisque

143 1460 211 1504 non
226 1441 338 1505 inertis
353 1449 449 1524 grato
463 1449 565 1524 atque
586 1440 729 1506 honesto
754 1441 908 1525 fungerer
933 1461 1077 1506 munere.
1124 1439 1180 1505 Sic
1206 1457 1246 1505 10

143 1543 232 1608 enim
248 1543 329 1608 mihi
344 1544 456 1610 liceret
471 1552 506 1609 et
520 1544 575 1610 isti
595 1545 650 1621 rei,
671 1565 773 1629 quam
800 1545 977 1623 desideras,
1004 1553 1039 1612 et
1065 1544 1178 1610 multis

95 1731 99 1740 ὁ
142 1647 346 1713 uberioribus
375 1656 478 1732 atque
506 1648 686 1713 maioribus
714 1668 836 1733 operae
865 1655 1028 1732 quantum
1058 1648 1178 1715 vellem

142 1750 230 1816 dare.

174 1853 263 1920 ·IV.
308 1867 357 1922 ue
401 1853 473 1920 Aet.
505 1854 613 1938 Atqui
628 1875 744 1921 vereor
757 1874 800 1919 ne
814 1855 913 1920 istam
928 1875 1064 1920 causam
1078 1874 1178 1920 nemo

142 1965 259 2023 noscat
272 1957 400 2041 tibique
414 1978 547 2042 semper
560 1958 739 2023 dicendum
753 1959 805 2037 sit,
822 1967 857 2024 et
882 1979 923 2023 eo
946 1960 1062 2043 magis,
1086 1959 1177 2043 quod
1205 1970 1239 2038 15

142 2069 177 2124 te
202 2061 274 2145 ipse
299 2062 437 2126 mutasti
463 2068 498 2126 et
524 2061 614 2126 aliud
642 2061 774 2126 dicendi
798 2061 969 2128 instituisti
1016 2084 1097 2129 enus
1131 2072 1177 2137 ut,

142 2184 242 2247 quem
258 2164 302 2228 ad
318 2165 456 2229 modum
472 2149 622 2242 Roscius,
645 2164 814 2229 familiaris
836 2174 922 2243 tuus,
950 2166 983 2230 in
1007 2175 1180 2232 senectute
1226 2177 1248 2222 ‘t

142 2283 298 2332 numeros
313 2267 347 2331 in
371 2275 471 2332 cantu
498 2267 669 2332 remiserat
692 2268 848 2352 ipsasque
871 2269 1032 2334 tardiores
1057 2240 1220 2346 iecerat}l

509 2339 674 2366 μ

184 2615 370 2729 ωριῖωραηῢο.
396 2611 531 2666 '‘Secured
541 2611 719 2676 beforehend,”
731 2627 790 2678 opp.
805 2620 832 2664 to
843 2613 886 2664 the
900 2613 918 2641 ¹¹
927 2614 978 2664 odd
987 2614 1066 2677 times,
1071 2614 1086 2640 ’¹
1097 2616 1179 2668 which

142 2693 184 2729 ess
263 2694 344 2730 occur.

208 2695 300 2794 urtylml.
336 2741 588 2794 A¹1ocative’case.
624 2741 721 2804 (Madv.
736 2743 766 2794 L.
784 2743 813 2793 G.
827 2743 882 2807 296.
897 2744 918 2794 b.
932 2745 1082 2811 andKey§.
1099 2748 1174 2810 114).
1233 2759 1236 2764 ·

207 2821 283 2858 orsus
294 2821 354 2858 sum
364 2807 396 2858 si.
423 2821 482 2859 uss.
497 2809 561 2858 omit
571 2821 637 2858 sum.
663 2808 734 2859 Bake
745 2809 830 2859 would
840 2810 900 2859 read
910 2823 985 2865 orsus
995 2811 1036 2862 sio
1045 2811 1177 2874 treduom,

142 2874 269 2940 assigning
279 2881 307 2924 to
316 2872 357 2923 sio
367 2874 409 2924 the
417 2874 484 2924 force
495 2874 524 2924 oi
531 2880 630 2938 reperte.

207 2941 228 2999 5.
253 2939 293 2989 10.
328 2939 383 2988 leto
403 2939 497 2989 made.
535 2938 628 2988 “That
649 2937 773 3004 lunguage
795 2939 824 2989 of
841 2938 942 3016 yours,”
964 2941 1013 2991 iae.
1038 2942 1115 2991 about
1136 2941 1179 2993 the

145 3005 304 3069 “proporato
313 3003 385 3055 otco.”
407 3005 477 3054 Bake
487 3005 619 3068 interprete
633 3005 723 3053 “istud
730 3003 958 3070 scribendegenus‚”
969 3007 1011 3056 ele.
1029 3007 1179 3057 “hem”

208 3069 361 3120 oeffionem.
400 3067 610 3130 “Retiremeut;’'
632 3085 660 3119 as
681 3069 731 3119 this
752 3070 870 3134 meaning
887 3071 917 3120 of
933 3072 1003 3120 cesse'o
1024 3071 1045 3120 is
1063 3072 1176 3133 unusual,

142 3134 239 3200 though
250 3150 367 3185 common
378 3134 478 3200 enough
488 3134 515 3184 in
526 3134 569 3185 the
587 3134 648 3184 verb
666 3134 750 3196 cedere,
763 3150 833 3184 some
852 3136 953 3185 Editors
972 3135 1036 3185 have
1054 3135 1179 3201 preferred

143 3198 187 3250 the
196 3214 219 3251 o.
234 3201 251 3250 l.
266 3200 449 3250 coemtionem·
484 3199 527 3250 On
538 3198 580 3249 the
591 3200 676 3264 legatio
685 3200 726 3250 tib.
740 3215 781 3250 see
793 3200 845 3249 111.
858 3202 880 3260 fi.
897 3198 933 3249 18.
949 3216 974 3250 n.

207 3265 350 3316 versuum
387 3265 517 3316 Turnebus
528 3271 616 3330 quotes
628 3265 724 3315 Seneca
741 3266 780 3325 (dc
795 3265 857 3314 brev.
877 3266 947 3324 vitae,
968 3265 1032 3326 nn).
1068 3267 1146 3317 “Lex
1164 3285 1180 3318 a

142 3330 340 3396 quinquagesimo
349 3346 418 3380 anno
428 3329 530 3380 militem
541 3346 591 3380 non
601 3331 669 3396 cogit,
682 3346 699 3380 a
714 3330 858 3395 sexagesimo
875 3335 1007 3380 smatorem
1026 3347 1077 3382 non
1095 3333 1179 3385 citet.''

142 3411 182 3460 cp.
197 3396 285 3460 Nepos
297 3397 381 3458 (Aeo.
395 3407 445 3448 vn.
463 3396 506 3457 1.).

207 3463 228 3521 5.
242 3461 280 3511 11.
315 3461 522 3512 letsmouueem.
558 3475 597 3525 cp.
611 3461 632 3520 5.
645 3471 686 3522 42.
703 3459 766 3508 “rec
793 3458 970 3524 ne'sctlcatpler
980 3461 1115 3525 ofyeurs.”

207 3525 327 3577 Roscius.
363 3527 420 3576 The
431 3527 527 3576 famous
537 3525 618 3576 comio
628 3532 705 3586 actor,
719 3524 745 3573 in
756 3475 841 3574 viliore
851 3523 939 3576 behals
947 3527 1035 3578 Cicero
1054 3529 1180 3580 delivered

143 3589 188 3652 (U.
205 3591 233 3642 C.
247 3591 326 3654 678.)‚
340 3591 383 3642 the
394 3591 491 3642 oration
497 3598 547 3655 pre
559 3592 588 3653 Q.
599 3591 684 3640 Roscio
696 3589 817 3639 Comocdo.

207 3657 354 3708 remiserat.
389 3657 415 3706 A
433 3657 574 3720 conjecture
593 3654 623 3705 of
641 3652 770 3704 Lambin’s
791 3654 901 3719 adopted
923 3655 957 3722 by
979 3657 1070 3708 Halm.
1100 3673 1140 3724 cp.
1153 3661 1183 3709 de

145 3721 215 3771 Orat.
236 3721 257 3773 Ι.
281 3733 325 3772 LX.
345 3729 402 3786 254.
440 3722 529 3771 “Solet
546 3720 610 3770 idem
626 3721 728 3770 Roscius
744 3720 825 3782 dicere,
845 3735 875 3781 se,
895 3737 942 3786 que
955 3723 1017 3786 plus
1032 3723 1080 3772 sr'be'
1096 3727 1180 3774 aetatis

142 3787 264 3849 accederet,
276 3803 301 3838 ee
311 3787 430 3837 tardiores
439 3787 545 3836 fibrinis
555 3786 642 3846 modos,
656 3791 679 3834 ct
687 3791 774 3834 cantus
784 3784 948 3836 remissique!
966 3803 1013 3836 crsc
1018 3788 1179 3852 factummst’

142 3863 202 3901 uss.
216 3851 280 3902 here
291 3851 425 3903 muneret
435 3867 464 3902 or
473 3850 611 3902 redderet.
637 3851 722 3901 Those
732 3851 789 3902 who
800 3852 860 3902 read
869 3851 1001 3903 recideret
1011 3867 1039 3902 or
1050 3852 1182 3905 occideret

142 3916 244 3982 explain
258 3917 325 3970 “cut
335 3917 419 3981 doun,
432 3918 450 3968 ι’.
460 3933 480 3969 e.
493 3913 630 3968 louered.’'

1068 3995 1084 4031 s
