2818 4320
225 305 289 391 ,108
629 303 806 376 CICERO

221 463 421 550 loquentem,
437 466 545 552 legem
572 476 684 534 autem
704 476 834 534 mutum
858 467 1098 553 magistratum.
1140 465 1258 552 &Ni-

222 568 270 634 hil
284 590 382 654 porro
396 579 467 636 tam
482 580 598 655 aptum
613 572 722 642 estad
738 573 788 642 ius
808 572 1104 655 condicionemque
1117 579 1259 635 naturae

222 675 357 758 -quod
386 695 462 746 cum
492 675 576 753 dico,
606 674 715 759 legem
744 697 765 740 a
794 696 849 741 me
872 675 937 740 dici
962 674 1109 758 intellegi
1134 673 1259 739 volo-

223 797 325 863 quam
350 777 534 862 imperium,
561 779 631 844 sine
656 798 724 862 quo
749 799 811 843 nec
833 778 952 843 domus
974 778 1042 842 ulla
1056 798 1118 842 nec
1139 777 1257 841 civitas

182 890 285 960 5nec
312 901 395 965 gens
425 902 486 946 nec
512 881 685 947 hominum
726 883 913 947 universum
942 902 1048 965 genus
1076 888 1165 946 stare
1193 899 1258 944 nec

219 979 331 1048 ¹rerum
357 993 476 1049 natura
500 985 608 1050 omnis
623 1006 684 1050 nec
707 985 778 1069 ipse
793 983 936 1050 mundus
951 992 1071 1068 potest.
1115 984 1205 1048 Nam
1220 988 1258 1047 et

220 1085 276 1151 hic
301 1088 365 1152 deo
390 1096 486 1172 paret
511 1097 546 1153 et
571 1087 647 1153 huic
675 1087 858 1154 oboediunt
887 1089 991 1153 maria
1019 1095 1192 1169 terraeque
1219 1091 1257 1150 et

220 1189 394 1256 hominum
422 1193 492 1259 vita
515 1192 611 1258 iussis
634 1211 808 1274 supremae
833 1190 916 1275 legis
945 1191 1162 1275 obtemperat.
1208 1189 1256 1255 11.

221 1306 251 1376 4,
294 1293 411 1379 Atque
426 1304 465 1360 ut
487 1295 531 1359 ad
546 1294 629 1364 haec
643 1295 794 1359 citeriora
806 1296 938 1364 veniam
954 1303 989 1360 et
1003 1295 1134 1359 notiora
1148 1292 1255 1372 nobis,

161 1413 201 1460 10
220 1408 338 1462 omnes
370 1399 527 1482 antiquae
562 1406 679 1481 gentes
705 1397 837 1481 regibus
866 1396 1036 1481 quondam
1065 1403 1254 1480 paruerunt.

219 1500 324 1584 ¹Quod
350 1520 455 1585 genus
469 1502 597 1584 imperii
619 1501 763 1586 primum
777 1498 820 1564 ad
842 1500 993 1566 homines
1009 1501 1205 1565 iustissimos
1221 1507 1257 1564 et

221 1605 482 1688 sapientissimos
497 1603 714 1681 deserebatur,
731 1603 830 1687 idque
845 1612 881 1668 et
894 1604 928 1667 in
943 1624 978 1668 re
993 1603 1125 1688 publica
1139 1611 1256 1667 nostra

221 1707 370 1771 maxime
404 1706 518 1784 valuit,
554 1704 665 1790 quoad
702 1706 733 1770 ei
769 1706 887 1790 regalis
923 1714 1072 1790 potestas
1101 1705 1254 1789 praefuit,

219 1809 343 1873 deinde
367 1810 469 1874 etiam
493 1809 649 1893 deinceps
674 1809 815 1893 posteris
838 1808 1062 1894 prodebatur;
1084 1808 1175 1892 quod
1192 1807 1253 1892 [et]

221 1975 380 2028 Simonides:
391 1976 437 2034 τὴν
446 1975 490 2034 μὲν
500 1974 643 2038 ζωγραφίαν
648 1973 746 2034 ποίησιν
752 1972 961 2033 σιωπῶσαν-σὴν
971 1974 998 2023 δὲ
1005 1974 1103 2034 ποίησιν
1110 1974 1256 2050 ζωγραφίαν

219 2042 353 2092 λαλοῦσαν.
389 2040 493 2089 Aristot.
508 2039 571 2088 poa.
585 2050 663 2087 XXVI.
682 2051 705 2088 2.
720 2054 777 2104 rep.
792 2038 909 2105 Xenoph.
925 2039 1012 2105 Cyrop.
1026 2050 1090 2089 vm.
1112 2055 1129 2089 1.
1148 2051 1189 2090 22.
1210 2041 1255 2090 rur

220 2107 316 2169 ἀγαθὸν
326 2107 433 2168 ἄρχοντα
443 2105 568 2167 βλέποντα
580 2103 650 2163 νόμον
659 2101 791 2166 ἀνθρώποις
801 2103 913 2168 ἐνόμιζεν.

284 2173 305 2232 5.
325 2172 349 2222 3.
369 2168 422 2220 drot
431 2167 560 2231 intellegi.
596 2168 689 2218 Davies
705 2169 762 2230 dati,
775 2169 843 2218 nihil
850 2168 925 2218 allud
932 2169 977 2220 inl.
990 2167 1054 2218 srom
1065 2166 1166 2218 interior
1179 2180 1238 2220 uss
1245 2185 1255 2232 ς

220 2237 301 2287 Halm
309 2237 393 2286 would
403 2235 465 2286 omit
476 2234 587 2299 intellegi.
601 2233 700 2284 Vahlen
711 2250 750 2299 cp.
764 2234 860 2310 deliin.
874 2232 948 2310 v.·xi.
963 2245 1003 2297 33.
1025 2233 1093 2282 “hoc
1102 2234 1250 2299 intellegant,

219 2299 733 2433 titillatttthllsllltll
743 2296 1254 2430 tllsvlmllltllld

253 2445 293 2484 .1.
321 2469 327 2482 .
345 2431 382 2482 18.

198 2439 252 2500 'cp
283 2435 431 2560 inlperinm.
466 2494 575 2546 Tumeb.
594 2493 655 2546 cites
674 2491 793 2560 Sophocl.
813 2492 900 2558 Antt’g.
913 2509 954 2544 vv.
967 2492 1023 2557 663.
1036 2491 1090 2544 soll.
1122 2492 1255 2558 ’Δοορχίοο

218 2562 269 2676 qap
289 2563 372 2626 μεῖζον
389 2563 432 2675 οἰκ
453 2559 810 2676 ἔστὸὢκὸνᾞιιλσὲηόπόλεις
828 2558 929 2609 ὄλλυσιν
946 2558 984 2620 ἡδ’
1001 2560 1150 2610 ἀναστάτους
1168 2561 1254 2612 Otrous

219 2646 235 2678 τ
293 2643 384 2676 ινκ.σ.
437 2641 476 2675 c.
581 2638 663 2674 .n.
726 2659 734 2674 .

180 2711 183 2718 ⁴
260 2643 355 2742 lhuie
389 2707 421 2739 sc.
443 2641 490 2740 den
510 2706 550 2754 op.
571 2691 592 2739 Ι.
606 2692 627 2750 §-
649 2638 739 2752 23471.
775 2688 883 2754 Shaksp.
911 2688 986 2738 Troil.
1001 2691 1035 2741 ὁ*
1055 2689 1131 2740 Cras.
1170 2689 1253 2740 “The

218 2756 327 2808 hearers
338 2753 493 2814 themselves,
506 2753 549 2804 the
564 2754 662 2819 planets
672 2754 722 2803 and
734 2753 783 2804 this
794 2761 884 2815 centro,
898 2753 1010 2804 Observe
1022 2754 1112 2819 degree
1122 2753 1186 2805 &cl'

282 2824 304 2882 fi.
323 2821 348 2870 h
368 2817 500 2869 citeriora.
520 2819 589 2868 “the
599 2819 682 2884 things
693 2818 722 2868 of
729 2819 778 2869 this
789 2819 867 2880 earth,
881 2818 963 2870 which
973 2835 1016 2872 are
1026 2835 1112 2870 nearer
1122 2820 1174 2870 and
1182 2835 1251 2871 more

218 2883 352 2940 familiar.”
384 2883 493 2934 Turneb.
514 2892 601 2949 quotes
621 2885 737 2946 “Quare,
750 2884 774 2932 si
785 2885 872 2948 placet,
892 2884 967 2934 deduc
982 2885 1116 2934 oratum
1134 2891 1205 2934 tuam
1223 2885 1254 2934 de

217 2946 517 3005 malaxatum
549 2949 645 3012 deRep.
660 2961 679 2999 1.
692 2949 741 2999 xxi.
756 2961 796 3012 34

282 3016 415 3078 antiquas.
451 3029 491 3078 cp.
511 3013 615 3063 Ariston
630 3013 683 3064 Pol.
698 3014 719 3062 Ι.
740 3025 764 3064 2.
800 3013 838 3064 διὸ
855 3013 896 3064 nol
912 3013 943 3064 rh
956 3013 1060 3078 sporn
1078 3015 1252 3078 ἐβασιλεύοντο

218 3086 246 3135 ul
255 3084 345 3133 πόλεις.
382 3081 435 3132 Cic.
448 3080 478 3129 de
490 3078 536 3143 Off
551 3078 637 3129 11.·xii.
651 3090 692 3141 41.
705 3078 816 3128 Turneb.

281 3149 362 3211 idque
372 3147 406 3197 et
442 3145 543 3194 Davies.
578 3143 650 3208 idque
666 3149 696 3192 ul
706 3155 763 3194 uss
799 3143 845 3193 All
862 3143 1016 3194 monarchies
1033 3143 1118 3195 would
1136 3159 1205 3195 seem
1223 3150 1252 3196 to

217 3215 285 3265 have
300 3215 364 3264 been
385 3210 516 3276 originally
536 3208 655 3269 elective3
682 3223 710 3258 es
731 3208 774 3258 tho
794 3208 981 3274 chieflainships
1002 3208 1032 3260 ol
1057 3225 1148 3274 savage
1174 3209 1252 3262 tribes

217 3279 344 3344 generally
359 3293 401 3327 are
417 3292 482 3328 nov.
519 3276 607 3325 Cicero
624 3275 693 3338 (Rep.
712 3284 743 3323 11.
770 3275 820 3335 12.)
838 3289 911 3338 says:
933 3275 1039 3324 “nostri
1053 3275 1093 3324 illi
1106 3276 1180 3324 fiam
1196 3281 1251 3324 lune

217 3351 318 3409 agrestes
334 3343 457 3402 milerunt,
477 3341 592 3390 virtum
608 3346 631 3389 el
646 3337 805 3400 sapientiam
822 3339 926 3404 regalem
937 3355 987 3388 non
1002 3338 1156 3402 progeniem
1165 3339 1253 3404 quaeri

216 3415 322 3474 oporten
329 3405 352 3458 :”
369 3415 410 3473 yet
420 3407 463 3457 the
474 3406 596 3470 tendency
607 3405 714 3455 towards
724 3403 766 3454 the
778 3403 899 3468 principle
910 3404 939 3454 ol
952 3403 1092 3469 hereditury
1109 3406 1252 3456 succession

217 3475 278 3525 isso
295 3473 418 3525 universal
433 3472 495 3532 thet,
509 3487 536 3521 as
552 3470 634 3520 lewis
644 3485 718 3534 says:
737 3469 804 3520 “the
816 3469 915 3518 Roman
925 3469 1047 3534 kingdom
1057 3485 1164 3558 appears
1174 3477 1202 3520 to
1218 3471 1251 3522 be

216 3540 260 3590 the
278 3539 338 3602 only
356 3538 467 3588 instance
483 3537 510 3586 in
528 3536 651 3601 antiquity
670 3535 699 3586 of
706 3550 722 3585 a
740 3534 815 3585 series
826 3533 856 3583 of
863 3533 965 3584 elective
976 3533 1074 3600 kings'?
1100 3535 1176 3586 while
1187 3551 1250 3586 even

216 3603 388 3690 amongnthem
399 3618 437 3652 we
451 3602 504 3651 find
517 3603 536 3628 ‘⁶
544 3609 623 3677 traoes
633 3599 664 3650 oi
670 3600 712 3650 the
728 3599 864 3652 admissiou
875 3598 927 3649 ola
936 3599 1075 3665 hereditary
1086 3600 1153 3665 right
1168 3607 1196 3654 to
1207 3600 1251 3652 the

216 3667 537 3783 wohdndffffllnffvlle‘ls
547 3666 890 3794 &uffheim
909 3729 1015 3792 (ἐφεξῆς)
1033 3729 1172 3783 connected
1187 3729 1250 3782 with

210 3799 321 3866 posteris,
334 3797 437 3846 denotas
447 3796 489 3846 the
500 3796 650 3856 successim,
660 3795 725 3845 from
735 3795 815 3845 father
825 3801 852 3844 to
862 3809 915 3846 sou.
951 3795 1029 3846 Bake.

279 3861 350 3925 quod
363 3863 398 3910 et
434 3861 513 3909 Halm
532 3867 644 3924 suggests
662 3860 728 3924 quod
743 3861 809 3912 etin
828 3860 868 3910 hir
884 3859 930 3924 qul
941 3860 1023 3912 αι’σοι.
1059 3859 1117 3920 ¹For
1134 3860 1251 3925 mani

216 3931 253 3980 lle
264 3929 337 3980 Clerc
347 3925 414 3990 conj.
424 3931 568 3990 regnantur,
581 3923 663 3975 which
673 3939 754 3975 seems
763 3925 851 3975 better.
