2754 4322
225 273 263 340 18
619 273 795 342 CICERO

219 437 344 502 naturis
359 438 524 521 particeps
540 436 675 501 rationis
691 444 725 500 et
739 435 958 520 cogitationis,
974 455 1050 499 cum
1065 443 1175 499 cetera
1189 433 1261 497 sint

220 539 332 603 omnia
347 541 506 623 expertia.
550 538 642 623 Quid
658 548 709 603 est
723 549 835 604 autem
852 559 918 603 non
934 539 1043 602 dicam
1059 539 1092 601 in
1110 536 1258 612 homine,

220 641 279 705 sed
302 642 335 705 in
362 643 452 706 omni
475 641 567 706 caelo
589 650 691 725 atque
713 637 808 719 terra,
825 643 952 706 ratione
975 640 1138 706 diviniusl
1168 661 1259 722 quae

220 764 295 808 curn
311 743 457 810 adolevit
465 754 567 829 atue
578 744 724 829 perfecta
736 754 795 820 est,
809 746 998 809 nominatur
1009 745 1070 808 rite
1082 743 1256 827 sapientia.

156 859 173 927 5
218 862 269 928 23.
308 847 371 911 Est
397 847 505 930 igitur,
530 848 687 930 quoniam
703 847 782 912 nihil
798 857 849 912 est
869 849 996 912 ratione
1016 846 1133 910 melius
1149 867 1258 929 eaque

219 959 267 1014 est
291 958 325 1014 et
350 950 383 1013 in
407 950 543 1015 homine
573 960 606 1015 et
632 952 666 1014 in
692 952 765 1029 deu,
796 953 902 1035 prima
931 950 1057 1015 homini
1083 970 1159 1014 cum
1190 950 1257 1013 deo

220 1052 356 1117 rationis
372 1055 520 1118 societas,
567 1054 659 1118 Inter
681 1075 765 1137 quos
781 1063 894 1118 autem
910 1055 1002 1130 ratio,
1019 1053 1105 1116 inter
1120 1051 1256 1116 eosdem

220 1157 320 1220 etiam
337 1166 425 1225 recta
441 1159 525 1222 ratio
542 1166 592 1222 est
607 1158 800 1221 communis.
843 1155 938 1244 Quae
953 1177 1029 1221 cum
1044 1157 1088 1220 sit
1102 1155 1168 1232 lex,
1181 1155 1257 1239 lege

220 1280 354 1343 quoque
390 1261 570 1325 consociati
599 1260 751 1324 homines
780 1280 856 1323 cum
886 1260 937 1323 dis
964 1260 1105 1343 putan'di
1131 1279 1256 1324 sumus.

159 1379 198 1427 10
221 1363 312 1428 Inter
335 1373 419 1447 quos
445 1385 543 1448 porro
567 1372 618 1427 est
642 1363 832 1426 communio
856 1362 947 1445 legis,
974 1364 1140 1427 intereos
1164 1382 1257 1426 com·

219 1467 332 1530 munio
362 1467 439 1529 iuris
465 1474 524 1530 est.
570 1463 700 1547 Quibus
726 1473 838 1528 autem
867 1464 950 1529 haec
976 1475 1054 1530 sunt
1083 1467 1168 1529 inter
1197 1486 1256 1529 eos

218 1569 416 1644 communia,
433 1569 462 1631 ei
484 1567 625 1632 civitatis
649 1567 796 1630 eiusdem
818 1567 962 1632 habendi
988 1577 1073 1646 sunt.
1120 1568 1157 1632 Si
1176 1589 1256 1632 vero

219 1673 325 1736 isdem
342 1671 486 1754 imperiis
502 1679 536 1734 et
556 1670 778 1753 potestatibus
793 1680 918 1754 parent,
936 1670 1042 1736 multo
1057 1672 1122 1735 iarn
1140 1672 1254 1754 magis.

220 1774 340 1837 Parent
355 1781 467 1836 autem
482 1772 560 1837 huic
574 1770 707 1837 caelesti
722 1773 926 1856 discriptioni
943 1747 1256 1858 rffidiuffae

159 1890 194 1958 15
220 1885 254 1941 et
269 1877 478 1959 praepotenti
493 1876 577 1941 deo:
621 1885 659 1940 ut
681 1876 747 1939 iarn
771 1877 940 1941 universus
960 1877 1013 1940 hic
1029 1878 1173 1941 mundus
1189 1897 1256 1940 una

219 1981 335 2046 civitas
360 1978 408 2043 sit
428 1979 613 2043 communis
639 1979 777 2043 deorum
807 1989 908 2063 atque
936 1980 1109 2044 hominum
1140 1982 1256 2045 existi·
1359 1989 1360 1994 ’

281 2327 302 2386 5.
322 2324 363 2374 28.
389 2337 471 2386 suque
489 2326 537 2374 est.
574 2323 680 2388 Madvig
694 2323 745 2373 and
761 2323 868 2373 Vahlen.
888 2325 981 2385 estque
997 2322 1084 2373 Halm.
1110 2336 1168 2373 nass.
1190 2323 1256 2375 have

217 2404 300 2454 euque
326 2390 431 2440 without
458 2391 506 2439 est
547 2389 603 2438 The
630 2390 748 2438 omission
773 2389 803 2438 of
826 2391 868 2438 est
893 2405 951 2453 may
978 2390 1010 2439 be
1037 2389 1168 2450 defended,
1198 2406 1256 2454 says

218 2455 365 2520 Feldhfigel,
379 2455 401 2504 il
409 2470 446 2504 we
457 2455 571 2504 consider
581 2454 623 2504 the
634 2453 724 2504 former
735 2456 776 2503 est
794 2454 872 2514 (nihil
885 2457 926 2503 est
937 2455 1032 2515 melius)
1043 2462 1087 2503 not
1099 2470 1126 2503 as
1137 2470 1152 2503 a
1163 2456 1256 2519 copula

166 2553 169 2562 .
218 2522 263 2597 but
284 2536 300 2634 {t
318 2521 382 2597 ⁸verb
409 2520 579 2581 substantive,
611 2519 656 2570 but
678 2516 803 2582 Madvig’s
825 2519 928 2583 reading
949 2519 995 2569 has
1016 2519 1059 2568 the
1069 2520 1209 2584 advantage
1228 2520 1259 2570 of
1358 2569 1359 2656 1

218 2602 265 2636 sun
294 2593 359 2635 lclt.

266 2602 375 2711 pprlnha
406 2649 484 2698 “first
495 2649 521 2697 ln
532 2646 712 2713 importance,”
723 2648 829 2699 because
843 2650 861 2674 “
870 2649 937 2698 nihil
945 2655 979 2698 est
988 2649 1083 2699 ratione
1092 2647 1204 2699 melinas?

283 2713 355 2762 inter
381 2727 426 2762 soe
453 2713 609 2763 eommunia.
647 2715 732 2763 Haase
760 2714 863 2763 defends
887 2714 937 2764 this
956 2729 999 2764 use
1022 2715 1050 2764 ol
1074 2714 1116 2764 the
1138 2715 1255 2766 demons-

218 2779 308 2830 trative
325 2779 421 2828 instead
439 2777 469 2827 oi
485 2779 527 2828 the
546 2778 662 2828 reflexive
678 2795 799 2842 pronouu.
836 2778 916 2829 Halm
926 2779 1010 2829 would
1021 2779 1099 2831 either
1110 2781 1172 2829 omit
1182 2779 1257 2830 inter

218 2859 263 2896 eos
274 2860 303 2895 or
313 2843 407 2894 correct
422 2842 500 2904 ipson.
532 2843 655 2908 (Madvig.
668 2845 698 2892 1.
716 2845 744 2893 G.
758 2846 779 2904 3.
794 2844 861 2906 490).

283 2909 309 2960 οἱ
331 2908 458 2958 oivimtia
495 2907 572 2958 Bake.
596 2920 653 2957 MSS.
675 2909 778 2958 haveat
793 2908 920 2959 civitatis.
957 2909 1126 2974 Wyttenbach
1143 2910 1256 2960 remarks

218 2975 273 3027 that
291 2976 310 3025 it
328 2990 379 3024 was
400 2971 522 3039 probably
539 2972 588 3022 this
608 2974 694 3023 uotion
713 2973 742 3023 ol
755 2973 798 3024 the
816 2974 898 3025 Stoics
917 2974 999 3024 wbich
1016 2975 1148 3040 suggested
1166 2982 1192 3024 to
1213 2976 1251 3026 St.

218 3043 310 3093 Austin
321 3041 359 3090 his
375 3039 545 3088 “Deaoitate
557 3036 633 3088 Dei!
665 3054 705 3104 cp.
721 3039 773 3088 eie.
789 3041 823 3089 N.
838 3041 873 3089 D.
889 3051 919 3089 11.
935 3039 974 3088 62.

282 3104 391 3156 oaeusu
407 3102 582 3165 discriptioni.
617 3118 655 3168 cp.
671 3107 754 3153 Somn.
769 3105 894 3168 Scipionis.
906 3121 927 3154 c.
942 3116 1012 3154 xvn.
1031 3106 1147 3154 “Novem
1159 3105 1256 3155 orbibus

217 3171 257 3220 vel
265 3173 348 3235 potius
355 3171 432 3236 globis
441 3185 550 3218 connexa
560 3175 620 3217 sunt
634 3170 734 3218 omnio:
756 3185 861 3234 quorum
878 3186 945 3218 unus
960 3175 994 3218 est
1007 3171 1116 3229 caelestis,
1139 3171 1251 3233 extimus,

217 3237 371 3321 quireliguos
391 3251 473 3300 omnes
492 3234 661 3298 complectitur,
684 3247 802 3283 mmmus
820 3234 878 3295 lpse
899 3235 971 3295 deus,
991 3250 1076 3284 arcens
1093 3244 1115 3284 ct
1129 3236 1255 3284 continens

217 3307 307 3350 eeteros.
359 3300 415 3350 The
434 3299 556 3364 priucipal
572 3299 692 3363 difficulty
702 3299 723 3348 is
734 3298 788 3348 that
804 3299 862 3349 God
880 3300 909 3360 is,
923 3308 949 3349 at
968 3315 1016 3348 one
1032 3301 1100 3360 nme,
1120 3301 1253 3350 conceived

217 3381 245 3415 as
263 3365 379 3414 identical
396 3366 457 3415 with
472 3365 578 3415 Nature
595 3366 642 3429 (cp.
657 3366 678 3424 5.
694 3363 745 3425 18.)
757 3365 773 3414 i.
788 3379 805 3414 e.
821 3364 864 3414 the
880 3365 914 3414 all
931 3365 1049 3429 pervadin
1080 3366 1158 3430 Spirit
1173 3365 1203 3414 of
1211 3367 1254 3416 the

219 3430 348 3490 Universa,
367 3431 417 3479 and
428 3438 454 3480 at
471 3430 576 3480 auotlmr
586 3430 647 3480 time
657 3445 685 3478 as
696 3446 712 3479 a
729 3429 809 3494 Being
825 3430 926 3479 distinct
936 3429 1000 3480 from
1011 3382 1068 3480 aad
1073 3431 1168 3494 subject
1185 3438 1212 3480 to
1223 3433 1251 3482 it.

216 3511 256 3561 cp.
272 3495 324 3545 Cic.
343 3495 381 3544 Ν.
392 3496 428 3544 D.
443 3506 472 3544 11.
488 3507 527 3558 30.
543 3505 581 3560 75.

281 3561 314 3609 ut
328 3559 513 3609 lam-uvius
524 3560 568 3611 sit.
604 3560 637 3610 Iu
651 3560 694 3610 the
706 3571 763 3610 uss.
778 3559 816 3609 sit
826 3559 847 3609 is
858 3559 971 3621 omitted,
985 3560 1030 3610 but
1046 3559 1066 3610 it
1082 3576 1162 3610 seems
1172 3560 1255 3611 better

217 3625 279 3677 with
303 3625 408 3684 G'drenz,
434 3624 532 3686 Schtitz,
557 3626 601 3676 dcc.
627 3634 654 3675 to
676 3641 784 3690 suppose
808 3625 862 3674 that
884 3625 904 3674 it
931 3625 976 3674 has
1001 3626 1114 3690 dropped
1134 3633 1177 3675 out
1201 3627 1255 3687 (the

216 3690 396 3807 coffindiuutr
404 3691 431 3803 alt
442 3689 529 3803 ⁰worpld
547 3691 646 3767 readilyl
657 3689 870 3816 ›bethconfpundedl
886 3690 1085 3816 ddihlghhhrhnal
1101 3704 1116 3805 ἓ
1125 3691 1255 3807 ffiioifffi

217 3773 250 3808 an
312 3770 413 3806 emila
476 3769 492 3802 o
520 3770 656 3805 communis
714 3771 746 3804 an
776 3771 792 3804 o
811 3769 853 3804 rea
1046 3769 1104 3806 oru
1193 3772 1225 3806 wi

219 3821 305 3873 Halm.
