2818 4320
242 247 284 312 88
634 246 810 315 CICERO

240 404 376 470 urbibus
391 413 425 471 et
440 407 594 490 privatim
610 415 644 472 et
664 406 799 473 insanis
821 406 983 473 invidiosa
1007 425 1059 472 res
1082 415 1141 471 est
1186 404 1274 470 Tum

240 508 322 573 ebur
349 529 395 574 ex
424 510 513 574 inani
542 531 679 595 corpore
708 518 897 576 extractum
921 509 1010 574 haud
1038 510 1119 574 satis
1146 517 1274 572 castum

240 611 365 677 donum
381 613 454 677 deo.
500 614 573 678 Iam
589 634 645 678 aes
660 623 762 699 atque
777 612 899 678 serrum
922 612 1023 678 duelli
1046 613 1273 688 instrumenta,

239 734 307 779 non
327 714 402 779 iani.
447 716 613 800 Ligneum
637 726 750 782 autem
776 717 1013 801 quodcumque
1037 715 1180 780 voluerit
1208 735 1274 796 uno
1370 789 1371 794 ἵ

198 829 214 897 5
241 817 365 902 eligno
380 819 499 896 dicato,
515 821 662 904 itemque
677 820 846 903 lapideum
869 821 902 884 in
925 819 1073 908 delubris·
1092 818 1274 883 communi·
1370 817 1371 874 i

239 920 311 986 bus.
363 921 499 988 Textile
544 943 586 987 ne
630 925 799 1008 operosius
847 943 950 1007 quam
998 922 1143 987 mulieris
1190 941 1274 1003 opus

239 1033 453 1090 menstruum
500 1026 601 1091 Color
614 1035 727 1091 autem
743 1025 837 1090 albus
853 1027 1029 1109 praecipue
1047 1025 1186 1089 decorus
1211 1024 1274 1088 deo

239 1137 290 1192 est
311 1149 388 1194 cum
404 1129 437 1192 in
451 1130 577 1206 ceteris,
593 1139 666 1194 tum
682 1130 831 1193 maxime
853 1129 887 1193 in
909 1128 1040 1193 textili:
1070 1129 1176 1192 tincta
1197 1147 1275 1192 vero

238 1231 349 1296 absint
378 1232 440 1297 nisi
470 1254 490 1297 a
524 1232 651 1298 bellicis
680 1231 871 1315 insignibus.
916 1231 1132 1296 Divinissima
1161 1239 1274 1294 autem

178 1351 218 1399 10
240 1335 328 1400 dona
343 1356 421 1401 aves
436 1345 471 1400 et
486 1335 612 1400 formae
627 1335 670 1400 ab
692 1355 760 1400 uno
782 1337 908 1418 pictore
922 1354 990 1399 uno
1013 1333 1188 1400 absolutae
1212 1333 1274 1410 die,

238 1440 386 1523 itemque
401 1447 512 1503 cetera
530 1438 627 1503 huius
650 1438 798 1521 exempli
821 1438 909 1503 dona
934 1435 1061 1503 sunto.”
1107 1437 1203 1500 Haec
1229 1436 1275 1500 illi

237 1541 378 1626 placent.
425 1541 493 1608 Sed
517 1562 582 1625 ego
606 1551 716 1607 cetera
739 1563 807 1606 non
832 1551 904 1606 tam
929 1541 1077 1606 restricte
1106 1539 1273 1623 praefinio,

237 1643 291 1709 vel
319 1643 491 1708 hominum
521 1645 608 1710 vitiis
637 1645 690 1710 vel
727 1645 882 1710 subsidiis
919 1653 1108 1728 temporum
1145 1644 1275 1710 victus:
1368 1708 1369 1730 p

237 1755 345 1838 terrae
373 1747 499 1811 cultum
529 1748 716 1831 segniorem
752 1749 902 1831 suspicor
936 1747 1015 1824 t'ore,
1053 1748 1081 1812 si
1118 1746 1162 1811 ad
1199 1767 1273 1811 eam

177 1863 212 1931 15
238 1849 398 1915 utendam
433 1850 584 1934 ferroque
620 1851 840 1936 subigendam
869 1851 1112 1936 superstitionis
1148 1849 1274 1934 aliquid

238 1953 420 2017 accesserit
987 1955 994 1970 '

302 2057 374 2123 Art.
421 2057 544 2122 Habeo
567 2059 652 2124 ista:
682 2079 771 2124 nunc
792 2059 836 2123 de
859 2059 959 2124 sacris
982 2058 1150 2143 perpetuis
1172 2065 1208 2123 et
1231 2057 1274 2122 de

209 2161 384 2226 'manium
430 2162 500 2227 iure
547 2171 660 2227 restat.
733 2163 785 2227 M.
831 2161 862 2228 O
910 2163 1028 2227 miram
1070 2163 1272 2238 memoriam,

240 2264 411 2349 Pomponi,
435 2265 549 2330 tuaml
578 2274 615 2330 at
639 2266 719 2329 mihi
745 2266 810 2330 ista
836 2265 1041 2330 exciderant.
1107 2261 1158 2344 46.
1202 2266 1273 2330 Art.

173 2381 216 2430 20
240 2368 294 2431 Ita
308 2368 416 2445 credo,
432 2370 492 2433 sed
514 2377 627 2433 tamen
650 2368 715 2435 hoc
737 2369 844 2453 magis
866 2389 923 2434 eas
949 2390 1000 2434 res
1023 2378 1058 2433 et
1081 2369 1218 2432 memini
1241 2377 1274 2433 et

238 2479 407 2552 exspecto,
438 2472 527 2553 quod
558 2480 593 2536 et
622 2471 666 2534 ad
703 2471 909 2554 pontificium
947 2473 997 2536 ius
1034 2480 1069 2536 et
1098 2471 1142 2536 ad
1180 2471 1275 2536 civile

237 2573 410 2654 pertinent
476 2574 528 2637 M.
571 2573 662 2638 Vero
688 2583 723 2638 et
748 2595 769 2638 a
792 2574 997 2658 peritissimis
1022 2582 1101 2639 sunt
1130 2574 1202 2639 istis
1232 2573 1274 2637 de

238 2673 335 2738 rebus
350 2683 385 2738 et
400 2695 558 2758 responsa
573 2685 608 2740 et
621 2677 744 2762 scripta
766 2677 880 2754 multa,
897 2687 931 2742 et
953 2698 1017 2762 ego
1040 2678 1074 2742 in
1097 2676 1161 2741 hoc
1183 2678 1273 2741 omni

237 2798 390 2844 sermone
419 2787 541 2856 nostro,
572 2780 664 2862 quod
701 2780 744 2844 ad
782 2801 925 2865 cumque
961 2781 1043 2864 legis
1080 2801 1186 2865 genus
1220 2800 1274 2844 me

173 2896 212 2965 25
238 2883 419 2966 disputatio
434 2890 548 2945 nostra
563 2881 748 2960 deduxerit,
766 2885 916 2950 tractabo
931 2884 1043 2969 quoad
1064 2893 1182 2968 potero
1203 2885 1273 2948 eius

238 2988 339 3071 ipsius
354 2986 484 3070 generis
496 2986 546 3049 ius
570 2985 665 3050 civile
688 2995 847 3066 nostrum,
862 2989 923 3052 sed
949 2989 1005 3065 ita,
1028 2988 1121 3053 locus
1143 2996 1181 3054 ut
1203 2989 1274 3072 ipse

274 3141 276 3146 ’
300 3155 386 3202 inani.
422 3147 605 3200 ‘voidoflife’
638 3151 730 3213 έλέφοο
746 3151 773 3200 δὲ
790 3151 983 3202 ἀπολελοιπότος
1001 3153 1084 3217 ψυχὴν
1101 3153 1214 3212 σώματος
1232 3154 1276 3201 οὐκ

237 3218 334 3279 εὐχερές
356 3218 475 3276 ἀνάθημα.
511 3232 551 3281 cp.
581 3215 656 3278 Ovid,
680 3220 768 3266 Amor.
794 3228 838 3268 111.
863 3218 896 3268 ix.
918 3217 941 3269 6.
981 3219 1088 3268 “Ardet
1104 3219 1133 3267 in
1154 3224 1275 3268 exstmcto

236 3281 413 3346 corpuslnane
429 3279 512 3347 rogo.”
545 3281 655 3332 Turneb.

300 3346 489 3409 quodcumque.
510 3358 567 3396 uss
588 3345 716 3408 quodque.
736 3347 846 3399 Tumeb.
859 3346 930 3412 quod
944 3347 998 3411 qui.
1020 3347 1093 3408 ξύλου
1108 3348 1136 3396 δέ
1145 3347 1276 3408 μονόξυλον

237 3410 275 3460 brt
286 3412 317 3459 dr
327 3413 400 3473 έθέλῃ
410 3429 447 3462 τις
457 3413 597 3461 ἀνατιθέτω.

301 3476 433 3527 mbstdiis.
458 3477 496 3527 ie.
511 3477 573 3527 such
583 3476 666 3540 things
676 3493 724 3527 can
734 3478 767 3528 be
782 3493 852 3528 more
867 3477 946 3543 easily
961 3478 1082 3544 procured
1099 3492 1157 3528 now
1174 3477 1274 3528 thuin

237 3539 330 3591 Plato’s
340 3541 406 3591 time.
443 3543 548 3620 Madvig
558 3541 623 3606 conj.
637 3541 751 3593 insidiis„

300 3608 322 3666 ἕ.
335 3605 377 3656 έᾶ
402 3607 608 3668 spmmnmte
646 3608 758 3672 Madvig,
782 3624 816 3673 ap
834 3609 910 3659 roved
931 3608 966 3674 by
988 3609 1068 3658 Halm
1089 3607 1140 3658 and
1161 3607 1270 3658 Vahlen.

237 3682 295 3720 ntss
310 3686 370 3734 very
380 3671 493 3730 between
504 3671 665 3734 sperttsnlmi
676 3674 726 3723 and
737 3687 754 3722 a
948 3673 1019 3724 Bake
1031 3673 1145 3739 explains
1161 3673 1274 3736 spero·-

236 3735 484 3800 simusironically
494 3737 557 3786 said.

300 3799 348 3850 sati
363 3799 411 3860 tm
430 3799 510 3850 loona
547 3801 585 3851 te.
602 3807 646 3851 not
655 3801 732 3867 going
752 3802 805 3852 into
816 3801 1024 3879 particulam-like
1035 3803 1078 3853 the
1087 3803 1271 3868 Jmisconsnlti,

239 3866 309 3916 “but
320 3867 346 3916 in
357 3865 419 3916 such
429 3880 446 3914 a
456 3881 511 3928 way
521 3864 575 3914 that
583 3865 625 3915 the
636 3865 736 3930 general
747 3867 868 3932 principle
879 3883 936 3932 may
946 3867 979 3917 be
990 3868 1096 3917 familiar
1106 3865 1170 3918 &c’'
