2818 4320
213 297 218 308 '
248 317 290 382 80
638 316 814 386 clearco

244 477 316 542 Art.
362 477 453 561 Quid
476 478 613 544 tandem
640 479 674 543 id
701 479 777 544 est?
841 493 892 564 35.
936 477 987 544 M.
1033 478 1088 544 De
1112 478 1288 542 nocturnis

244 581 411 646 sacrificiis
441 581 623 647 mulierum.
689 583 763 648 Art.
808 582 885 666 Ego
913 603 993 648 vero
1018 582 1195 659 adsentior,
1223 601 1287 645 ex-

245 693 345 767 cepto
380 686 574 769 praesertim
600 687 633 750 in
666 686 738 771 ipsa
764 686 838 770 lege
872 685 1024 750 sollemni
1053 684 1214 750 sacrificio
1244 704 1287 748 ac

245 785 386 870 publico.
445 787 496 854 M.
543 788 634 872 Quid
650 809 730 872 ergo
743 799 822 873 aget
838 789 977 854 Iacchus
993 788 1286 873 Eumolpidaeque

204 902 220 970 5
246 891 349 956 nostri
374 899 408 956 et
433 900 575 976 augusta
601 892 657 957 illa
683 893 849 976 mysteria,
873 893 901 957 si
925 893 1060 976 quidem
1086 912 1181 956 sacra
1204 911 1284 956 noc·

245 1001 343 1058 turna
368 994 539 1060 tollimus?
561 997 640 1060 Non
656 997 744 1060 enim
768 994 900 1079 populo·
910 995 1075 1073 Romano,
1091 995 1151 1059 sed
1175 995 1284 1058 omni-

211 1147 214 1154 .
244 1095 307 1162 bus
322 1097 417 1163 bonis
433 1097 602 1183 firmisque
616 1099 747 1182 populis
763 1097 854 1181 leges
869 1098 996 1163 damus.
1032 1095 1083 1178 36.
1112 1097 1185 1163 Art.
1208 1097 1283 1160 Ex·

244 1200 335 1284 cipis,
350 1201 458 1279 credo,
474 1201 539 1280 illa,
555 1203 675 1286 quibus
691 1201 753 1285 ipsi
768 1202 888 1266 initiati
912 1222 1035 1266 sumus.
1101 1202 1156 1266 M.
1204 1201 1282 1284 Ego

243 1323 323 1369 vero
369 1305 543 1388 excipiam.
631 1306 722 1369 Nam
764 1304 844 1369 mihi
883 1325 960 1368 cum
1004 1303 1110 1368 multa
1156 1305 1282 1368 eximia
1386 1379 1387 1382 Ἴ

183 1423 223 1472 10
244 1407 422 1492 divinaque
444 1409 599 1474 videntur
628 1407 786 1473 Athenae
813 1417 891 1473 tuae
920 1409 1086 1491 peperisse
1115 1416 1218 1491 atque
1247 1409 1280 1471 in
1386 1479 1387 1482 Ἴ

243 1512 347 1578 vitam
369 1511 542 1576 hominum
568 1510 728 1589 attulisse,
752 1520 824 1576 tum
852 1511 932 1575 nihil
959 1510 1075 1576 melius
1099 1511 1163 1575 illis
1190 1531 1281 1594 mys·
1386 1589 1387 1596 ἵ

242 1614 343 1690 teriis,
372 1613 493 1698 quibus
518 1635 563 1678 ex
589 1615 711 1697 agresti
741 1615 946 1698 immanique
974 1615 1044 1680 vita
1073 1614 1201 1679 exculti
1235 1615 1280 1679 ad

242 1715 485 1781 humanitatem
512 1724 546 1782 et
562 1718 704 1801 mitigati
727 1738 851 1795 sumus,
868 1718 1027 1802 initiaque
1051 1726 1089 1782 ut
1109 1716 1280 1802 appellan-

243 1826 306 1896 tur,
337 1820 384 1884 ita
413 1840 448 1885 re
476 1840 555 1885 vera
583 1821 744 1903 principia
778 1821 868 1886 vitae
895 1821 1134 1904 cognovimus;
1170 1842 1280 1905 neque

87 1987 89 1992 .
182 1935 219 2005 15
243 1921 351 1988 solum
378 1943 454 1988 cum
491 1922 619 1988 laetitia
641 1923 773 1989 vivendi
800 1924 961 1988 rationem
991 1925 1188 2007 accepimus,
1218 1924 1278 1988 sed

243 2027 345 2091 etiarn
371 2046 448 2090 cum
473 2046 534 2110 spe
561 2026 696 2092 meliore
722 2027 891 2091 moriendi.
937 2026 1028 2110 Quid
1057 2035 1170 2094 autem
1197 2027 1279 2092 mihi

243 2130 418 2213 displiceat
446 2130 480 2194 in
507 2130 684 2208 nocturnis,
707 2138 828 2214 poetae
852 2129 1002 2195 indicant
1030 2113 1160 2196 comicif
1201 2129 1278 2216 Qua

243 2233 376 2299 licentia
398 2235 528 2300 Romae
550 2234 631 2299 data
651 2234 812 2318 quidnam
835 2234 957 2317 egisset
976 2233 1039 2313 ille,
1055 2234 1112 2317 qui
1130 2234 1164 2298 in
1178 2235 1278 2299 sacri-

306 2514 523 2628 θ’,θδῶοιοὲρῒα
543 2529 577 2564 se.
606 2513 624 2540 “
632 2513 719 2564 Bonae
726 2514 796 2564 Deae
803 2513 870 2580 quod
871 2520 921 2579 pro
929 2514 1018 2580 populo
1020 2513 1125 2580 fiebam
1146 2515 1278 2565 Vestalibus

242 2584 322 2629 noctu.
397 2595 482 2629 ume.

306 2641 426 2693 Ieoohua.
468 2643 567 2706 Ἴακχος
587 2658 634 2692 son
655 2643 685 2694 of
702 2643 826 2707 Δημήτηρ,
851 2643 912 2694 with
937 2643 1021 2694 whose
1041 2644 1149 2710 worship
1176 2643 1208 2696 he
1225 2661 1277 2695 was

241 2708 379 2758 associated
397 2707 424 2757 in
443 2708 486 2758 the
503 2708 647 2758 Eleusiniam
666 2725 691 2757 m
709 2709 811 2758 sterias:
832 2709 865 2758 he
883 2709 905 2758 is
924 2709 1021 2773 usually
1037 2709 1195 2760 confounded
1215 2711 1276 2760 with

241 2773 354 2823 Διόνυσος
370 2772 410 2833 (de
426 2774 461 2823 N.
482 2774 516 2822 D.
537 2784 567 2822 11.
589 2774 649 2834 aa).
699 2773 792 2834 itchell,
811 2773 838 2823 in
856 2774 896 2824 his
911 2774 1080 2825 introduction
1096 2781 1123 2824 to
1142 2775 1185 2825 the
1195 2776 1275 2840 Frogs

241 2839 271 2890 ol
286 2837 476 2902 Aristophanes,
495 2837 554 2902 ably
570 2837 749 2887 discriminates
764 2838 877 2888 between
893 2839 936 2889 the
960 2839 1072 2891 “chaste
1087 2838 1231 2906 mysteries”
1249 2840 1280 2891 ol'

241 2905 284 2956 the
295 2903 394 2953 Iacchic
404 2901 513 2967 worship
523 2902 574 2951 and
581 2902 624 2952 the
634 2902 694 2952 wild
705 2902 752 2952 riot
763 2902 793 2952 of
801 2903 869 2953 Dion
898 2904 936 2954 iac
947 2904 1036 2969 orgies.

305 2967 530 3030 Eumolpidacqua
547 2966 641 3017 norat.
674 2967 730 3016 The
747 2968 863 3032 priestso
889 2970 1006 3032 Δημήτηρ
1016 2976 1043 3020 at
1056 2969 1161 3021 Eleusis
1198 2971 1275 3022 Some

241 3034 324 3086 would
343 3034 403 3084 read
418 3031 502 3084 vulti
519 3047 548 3082 or
566 3030 650 3083 vasthi
667 3031 785 3097 referring
803 3041 830 3083 to
849 3034 968 3095 Attiens3
991 3035 1037 3084 bnt
1056 3035 1157 3085 Marcus
1176 3035 1278 3086 himself

241 3100 324 3178 woqld
342 3115 409 3150 seem
429 3105 456 3149 to
473 3097 538 3148 have
548 3097 613 3147 been
629 3113 677 3148 one
688 3097 718 3147 oi
733 3096 776 3149 the
795 3097 916 3161 initiated,
934 3100 1043 3150 Tumeb.
1064 3108 1152 3166 quotes
1174 3101 1271 3152 mezu

241 3177 261 3217 1.
275 3181 326 3216 xm.
342 3177 381 3215 2.

303 3232 324 3291 §t
350 3178 391 3280 896.
422 3227 562 3292 excipiam.
606 3226 706 3277 Ernesti
726 3227 810 3278 would
828 3229 888 3278 read
909 3228 1060 3292 excipiam?
1087 3231 1131 3280 ie.
1159 3230 1237 3280 “Am
1260 3231 1274 3280 I

240 3294 329 3346 indeed
351 3302 378 3346 to
396 3301 497 3359 exempt
517 3289 621 3343 them?”
659 3292 764 3344 &oense
785 3293 844 3359 they
865 3294 899 3344 do
920 3303 965 3344 not
987 3310 1055 3345 seem
1076 3302 1104 3346 to
1124 3295 1189 3346 have
1209 3295 1276 3346 been

240 3361 371 3425 exempted
383 3378 390 3410 ε
405 3361 432 3411 in
444 3359 493 3410 fact
503 3375 519 3409 a
530 3357 694 3424 compromise
705 3358 726 3408 is
737 3358 861 3409 indicated
872 3359 899 3409 in
909 3361 929 3420 ἓ.
944 3369 984 3423 37.

305 3437 338 3475 ex
366 3425 471 3487 agrem
519 3423 687 3490 Wyttenbach
712 3423 798 3475 thinks
819 3424 870 3474 this
890 3441 923 3474 an
944 3425 1069 3475 imitation
1098 3424 1128 3475 of
1150 3425 1275 3476 Isocrates

241 3489 386 3552 (Δήμητρος)
403 3489 611 3553 natm-tome
622 3489 703 3539 unte
722 3490 794 3553 αἵπερ
804 3491 920 3552 μέγισται
936 3491 1101 3552 τυγχάνουσιν
1116 3491 1275 3541 οὖσαι-τούς

240 3573 269 3604 re
279 3555 390 3617 caprola,
405 3557 428 3604 ol
438 3557 482 3604 τοῦ
489 3556 524 3615 μη
539 3555 659 3618 θηριωδῶς
669 3556 713 3619 ξῆν
723 3555 785 3615 ἡμᾶς
795 3557 868 3604 αἴτιοι
877 3555 1004 3618 γεγόνασι,
1018 3557 1058 3605 rat
1068 3557 1115 3616 τὴν
1123 3557 1232 3618 πλη-ην,
1246 3557 1275 3616 ἧς

241 3622 264 3670 ol
281 3619 446 3681 μετασχόντες
468 3621 523 3683 περί
538 3638 567 3669 τε
583 3621 627 3681 τῆς
643 3622 687 3670 τοῦ
704 3621 760 3682 βίον
778 3622 892 3681 τελευτῆς
911 3622 951 3670 καὶ
970 3622 1014 3672 τοῦ
1030 3622 1171 3682 σύμπαντος
1189 3623 1275 3672 αἰῶνος

239 3685 319 3748 ἡδίους
328 3686 373 3734 τὰς
383 3685 483 3734 ἐλπίδας
493 3687 598 3746 ἔχουσιν.
635 3685 736 3750 (Paneg.
750 3697 789 3735 vt.
803 3685 864 3747 28.).

305 3747 407 3799 oomlch
443 3749 551 3800 Tumeb.
573 3750 634 3800 cites
646 3750 726 3801 Plaut
740 3751 829 3802 Aulrrl.
852 3751 930 3812 (Prol.
945 3751 1006 3818 35).
1045 3750 1117 3816 “qui
1131 3751 1205 3801 illane
1220 3757 1274 3802 sru-

238 3817 324 3882 pram't
333 3820 405 3864 noctu
418 3813 512 3863 Cereris
520 3813 639 3928 urzilr'irst'

302 3879 359 3931 uta
396 3877 508 3938 clodius,
530 3895 553 3928 w
571 3895 587 3930 o
604 3879 720 3930 intruded
738 3879 778 3930 his
795 3879 920 3930 delrllow
935 3880 984 3931 lust
1003 3881 1057 3933 into
1074 3881 1192 3947 religious
1213 3881 1274 3934 rites
