2754 4322
209 327 251 374 20
600 309 777 377 CICERO

208 469 261 532 vel
286 471 385 552 stirps
408 468 567 552 appellari
597 477 715 552 potest.
763 469 882 552 Itaque
911 489 956 532 ex
986 475 1038 532 tot
1066 462 1242 550 generibus

210 570 339 661 nullum
374 579 424 635 est
460 571 583 635 animal
620 581 750 654 praeter
784 571 963 646 hominem,
993 569 1084 653 quod
1120 567 1243 631 habeat

210 675 363 739 notitiam
377 674 524 757 aliquam
540 675 602 751 dei,
618 675 763 758 ipsisque
781 676 815 738 in
836 675 1027 740 hominibus
1048 671 1139 736 nulla
1160 689 1243 754 gens

209 787 261 842 est
290 798 397 860 neque
425 786 497 842 tam
526 787 699 842 mansueta
721 798 828 862 neque
853 786 924 842 tam
950 776 1027 852 sera,
1054 794 1140 858 quae
1166 793 1243 849 non,

148 895 163 962 5
212 881 364 945 etiamsi
390 881 519 963 ignoret
544 880 676 964 qualem
701 881 822 945 habere
852 881 952 944 deum
976 879 1103 954 deceat,
1129 885 1244 942 tamen

209 983 400 1048 habendum
429 984 519 1048 sciat.
584 995 634 1064 25.
681 984 737 1048 Ex
767 1004 834 1066 quo
864 983 1002 1047 eflicitur
1032 980 1122 1055 illud,
1150 988 1187 1043 ut
1217 979 1245 1041 is

140 1168 142 1172 ι
211 1097 370 1170 agnoscat
396 1086 505 1164 deum,
532 1087 597 1170 qui,
625 1087 714 1151 unde
740 1096 831 1151 ortus
855 1087 907 1163 sit,
934 1085 1028 1168 quasi
1055 1083 1246 1148 recordetur

131 1191 132 1194 ’
214 1189 407 1274 [agnoscat].
453 1190 527 1254 Iam
552 1211 631 1254 vero
655 1190 758 1253 virtus
780 1190 897 1252 eadem
921 1189 954 1252 in
976 1188 1110 1252 homine
1125 1206 1165 1249 ac
1179 1185 1246 1249 deo

212 1302 263 1359 est
286 1315 394 1377 neque
417 1293 483 1358 alio
511 1292 580 1358 ullo
604 1293 640 1356 in
663 1293 796 1374 ingenio
826 1302 1019 1376 praeterea;
1056 1300 1107 1355 est
1130 1298 1244 1380 autem

169 1414 191 1461 0
211 1399 314 1462 virtus
329 1396 410 1461 nihil
424 1396 514 1461 aliud
531 1397 593 1460 nisi
608 1394 1062 1480 pgrssmstfflmsslm
1110 1393 1208 1456 erduc

211 1511 348 1566 natura:
378 1509 429 1564 est
451 1499 551 1581 igitur
571 1497 698 1562 homini
720 1518 796 1561 cum
819 1499 883 1561 deo
906 1498 1096 1561 similitudo.
1137 1495 1252 1594 qu

211 1626 286 1669 cum
303 1606 349 1666 ita
364 1604 416 1679 sit,
432 1601 1063 1698 quasiaadtfflsaenntfflffiplssss
1086 1600 1247 1664 certiorve

207 1747 1241 1769 „mm-...m

1117 1693 1239 1710 “Nu-..n-

210 1839 213 1870 ἕ
276 1840 405 1902 appellari
434 1841 528 1901 potest.
564 1840 607 1889 An
642 1839 813 1890 abbreviation
848 1839 887 1889 for
916 1839 971 1888 “id
996 1839 1063 1902 quod
1090 1837 1156 1886 nobis
1188 1853 1247 1885 eum

210 1909 274 1958 divis
285 1907 408 1956 intercedit
416 1906 532 1954 eiusnrodi
540 1912 574 1953 est
584 1911 612 1954 ut
621 1906 661 1955 vel
669 1901 1026 1970 agnutrb...appellaripossit.’'
1060 1902 1147 1952 Bake:
1163 1917 1202 1966 cp.
1216 1903 1248 1951 de

211 1975 245 2023 Ν.
261 1975 296 2023 D.
318 1983 349 2021 11.
363 1985 403 2022 20.
425 1979 463 2034 51.
502 1972 634 2034 “quarum
650 1986 680 2019 ex
695 1971 833 2034 disparibus
849 1969 992 2018 nrotrbnibur
1008 1984 1128 2033 magnum
1146 1983 1247 2016 annum

211 2038 375 2087 mathenatici
401 2033 617 2086 nominaverunt.”
651 2035 818 2101 Wyttenbach
845 2035 906 2085 calls
924 2035 1046 2084 attention
1065 2041 1092 2083 to
1113 2049 1129 2082 a
1151 2032 1247 2082 similar

210 2120 254 2154 use
271 2103 301 2152 oi
319 2103 403 2152 καλεῖν
423 2101 449 2150 in
472 2099 563 2151 Greek.

275 2167 377 2232 Itaque
413 2166 483 2216 Bake
505 2159 803 2232 (10010οΡ121οζᾖοίαρ
827 2177 882 2228 322.
898 2165 930 2214 Α.
966 2163 1248 2225 ἐπείδηδὲὁᾱνθρωπος

210 2234 276 2284 θείας
285 2234 393 2296 μέτισχε
402 2233 493 2294 μοίρας,
507 2232 653 2294 πρῶτονμὲν
659 2231 699 2280 διὰ
709 2233 754 2291 τὴν
760 2233 805 2280 τοῦ
813 2231 869 2280 θεοῦ
876 2231 1021 2292 συγγένειαν
1029 2229 1096 2293 ζώων
1102 2228 1173 2288 μΰνον
1179 2229 1248 2278 θεοὺς

210 2301 312 2360 ἐνόμισε.
1135 2311 1137 2315 ·

275 2363 401 2414 notitiam
415 2361 659 2427 “preconeeption,’'
676 2361 719 2411 the
735 2361 858 2424 πρόληψις
873 2359 903 2410 of
916 2359 1045 2424 Epicurus,
1057 2359 1139 2424 which
1156 2358 1248 2407 Cicero

210 2431 305 2480 defines
328 2430 374 2491 (N.
403 2428 439 2477 D.
464 2440 483 2477 1.
511 2427 562 2488 16.)
591 2429 735 2490 “antecqata
762 2427 847 2474 anim
874 2426 910 2474 rei
936 2426 1054 2489 quaedam
1076 2422 1246 2487 infhrmatio.”

194 2499 270 2558 ¹(See
292 2495 400 2618 Munna)
416 2494 511 2543 Lucra.
542 2504 569 2542 v,
596 2491 648 2542 182.
674 2492 724 2542 and
753 2488 888 2556 Fleming’s
915 2490 1010 2540 Vocab.
1033 2489 1062 2539 oi
1081 2488 1245 2553 Philosophy,

211 2561 408 2622 Anticipation..

275 2627 332 2673 tam
355 2625 501 2672 mansueta
538 2623 614 2672 Some
636 2623 729 2672 editors
754 2621 818 2670 have
840 2619 964 2685 preferred
990 2619 1179 2678 mmmm,
1201 2618 1248 2668 but

211 2690 299 2741 Feldh.
314 2689 395 2738 shows
406 2688 460 2737 that
474 2687 523 2736 this
539 2687 560 2736 is
575 2703 747 2750 unnecessary,
766 2687 833 2736 since
848 2686 892 2736 the
902 2685 1050 2750 meaningis
1064 2684 1160 2734 “there
1175 2684 1197 2732 is
1213 2699 1249 2734 no

211 2756 297 2806 uation
313 2753 342 2802 oi
354 2769 406 2813 any
415 2753 564 2815 description,
578 2749 641 2802 &c.''
653 2767 692 2816 cp.
706 2751 805 2801 deDiv.
820 2763 839 2800 1.
854 2751 870 2801 i.
880 2764 903 2800 2.

274 2822 295 2880 5.
309 2819 350 2868 25.
379 2817 404 2866 is
415 2817 712 2879 agnoscat-[agnoscat1.
736 2814 919 2881 Cannegieter’s
931 2829 963 2864 ao
978 2816 1072 2864 noscat
1082 2815 1103 2864 is
1115 2813 1244 2878 probable,

209 2889 254 2937 but
277 2883 371 2934 Davies
392 2882 477 2932 would
499 2882 561 2931 omit
582 2882 625 2931 the
646 2882 739 2932 second
758 2880 919 2942 ‘agnoscam'
939 2882 1044 2930 because
1063 2881 1083 2930 it
1103 2880 1124 2928 is
1141 2880 1248 2930 omitted

210 2955 244 3017 by
255 2949 406 3007 Lactantius,
428 2947 485 2996 who
496 2954 583 3010 quotes
601 2947 650 2996 this
662 2961 765 3011 passage
782 2948 854 3007 (Insa
877 2947 938 2995 Diu.
961 2958 1003 2994 111.
1021 2946 1079 3005 ro).
1115 2945 1248 2994 Turnebus

209 3017 293 3068 would
309 3015 369 3064 read
384 3013 409 3062 ie
425 3025 454 3062 aa
470 3013 656 3073 agnmoatsset
673 3013 805 3073 agnoscat.
842 3013 898 3071 But,
918 3027 946 3060 as
965 3011 1035 3060 Bake
1046 3026 1109 3074 says,
1129 3010 1149 3059 it
1165 3010 1186 3058 is
1203 3010 1247 3059 the

72 3079 77 3086 '
131 3108 133 3114 ¹
211 3081 333 3133 universal
345 3079 423 3129 belief
437 3079 463 3127 in
480 3078 523 3127 the
542 3077 666 3126 existence
681 3077 738 3126 oia
755 3076 813 3126 God
830 3076 912 3126 which
932 3077 977 3125 has
1003 3084 1030 3125 to
1052 3077 1083 3125 be
1109 3075 1247 3125 accounted

210 3149 264 3208 ior5
286 3162 326 3211 cp.
352 3145 424 3195 Plato
440 3144 511 3208 legg.
533 3154 559 3192 x.
579 3140 634 3204 899.
649 3143 716 3191 D.‹b
733 3143 817 3204 ἄριστε
833 3143 863 3202 δὴ
881 3143 970 3203 φῶμεν,
985 3142 1022 3190 ὅτι
1038 3143 1082 3200 μὲν
1096 3141 1153 3202 ἡγεῖ
1169 3141 1246 3201 θεοὺς,

211 3211 338 3275 {mereti
353 3227 390 3260 ets
406 3212 463 3258 leus
474 3225 503 3256 σε
514 3209 567 3257 θεία
579 3209 639 3270 πρὸς
648 3209 678 3256 τὸ
689 3209 811 3268 ξύμφυτον
819 3209 874 3270 ἄγει
885 3207 957 3267 τιμᾶν
968 3208 1008 3255 καὶ
1020 3207 1122 3270 νομίζειν
1132 3207 1199 3254 εῖναι.

274 3276 331 3325 ullo
347 3275 377 3324 in
399 3273 518 3336 ingenio.
558 3273 651 3322 Davies
673 3273 744 3322 reads
771 3273 802 3321 in
824 3286 926 3334 genere.
964 3272 1002 3320 As
1030 3283 1088 3320 nss.
1117 3271 1180 3320 omit
1205 3269 1244 3330 ln,

210 3341 293 3392 unless
303 3339 412 3401 ingenio
428 3341 492 3389 isan
509 3338 617 3388 ablative
628 3337 658 3388 of
671 3337 773 3403 quality,
788 3338 830 3387 the
849 3337 963 3402 question
981 3336 1056 3386 arises
1076 3335 1187 3386 whether
1204 3335 1248 3385 the

212 3407 363 3472 preposition
379 3405 468 3454 should
492 3405 525 3454 be
547 3403 681 3468 repeated;
708 3403 746 3452 ior
769 3403 811 3453 the
829 3403 947 3452 omission
968 3402 1056 3466 Feldh,
1082 3409 1170 3466 quotes
1190 3401 1245 3451 Cic.

217 3474 285 3522 Verr.
306 3482 336 3519 11.
357 3482 379 3532 3.
400 3479 422 3531 7.
448 3471 509 3518 “ad
526 3475 636 3518 nostram
654 3469 810 3532 disciplinam
826 3468 898 3517 illam
912 3474 1018 3526 utinen,
1040 3483 1090 3516 non
1106 3467 1173 3515 hanc
1187 3481 1252 3530 quae

211 3553 283 3588 nunc
307 3533 449 3584 increbus'r.”
484 3534 580 3596 (Madv.
600 3536 631 3584 L.
654 3535 682 3584 G.
702 3536 723 3594 9.
757 3534 828 3596 470.)
851 3532 994 3594 ‘ingenio'
1017 3532 1075 3596 they
1098 3531 1199 3596 explain
1221 3547 1250 3581 as

213 3606 325 3653 “uature
342 3601 369 3660 (i.
387 3615 405 3649 e.
425 3598 453 3648 ol
461 3615 530 3649 some
547 3600 626 3664 living
643 3597 751 3663 thing).”
784 3599 841 3648 The
858 3598 940 3648 Stoics
959 3596 1111 3647 maintained
1127 3598 1187 3644 rivet
1203 3599 1250 3657 τὴν

212 3670 288 3782 quelq»
304 3666 443 3728 ἀρέτηνκαὶ
462 3665 578 3724 ἀλήθειαν
589 3666 672 3728 ἀνδρὸς
683 3667 723 3715 καὶ
734 3665 797 3714 θεοῦ.
839 3663 952 3714 Hemesa
970 3664 1039 3712 Orat.
1055 3674 1086 3712 11.
1100 3671 1139 3724 27.
1154 3663 1250 3726 quoted

212 3736 229 3785 b
283 3732 358 3782 avies.

229 3752 262 3916 'fl
275 3796 330 3848 nisi
345 3794 469 3922 pgrleotn
502 3811 526 3844 a.
544 3796 560 3844 L
580 3808 659 3856 quam
677 3794 708 3844 in
723 3807 753 3844 ea
771 3807 799 3856 p.
833 3794 903 3843 Here
924 3795 1022 3842 nature
1039 3791 1203 3856 corresponds
1221 3799 1250 3842 to

209 3880 240 3916 ra
263 3878 285 3914 0.
312 3879 350 3927 cp.
380 3871 439 3924 .45.
