2818 4320
557 333 627 398 DE
650 332 877 400 LEGIBUS.
1140 347 1197 412 145

165 491 288 576 ingenii
318 513 514 578 summaque
543 495 728 578 prudentia,
756 495 794 558 L.
823 492 932 571 Cotta,
959 493 1092 558 dicebat
1117 491 1200 556 nihil

164 597 302 660 omnino
322 605 434 660 actum
449 617 521 662 esse
536 597 579 661 de
602 597 696 663 nobis
711 617 720 678 ;
742 605 873 681 praeter
887 598 975 663 enim
991 618 1092 681 quam
1108 595 1197 680 quod

164 700 277 764 omnia
293 699 349 763 illa
363 710 474 765 essent
489 702 588 765 armis
602 709 698 784 gesta
712 700 891 777 servilibus,
908 709 1078 784 praeterea
1093 720 1200 782 neque

165 803 290 866 tributa
319 804 436 886 capitis
473 804 607 879 comitia
638 812 711 868 rata
739 824 812 868 esse
846 824 944 888 posse
982 823 1091 886 neque
1132 802 1198 866 ulla
1300 811 1302 816 '

164 905 334 988 privilegii.
394 904 557 988 Quocirca
587 906 667 970 nihil
697 906 792 970 nobis
821 927 906 990 opus
936 927 1008 971 esse
1043 905 1124 989 lege,
1156 904 1199 968 de
1244 918 1259 985 5

164 1008 284 1092 quibus
308 1008 388 1073 nihil
411 1009 547 1073 omnino
572 1019 683 1074 actum
708 1018 795 1075 esset
817 1008 955 1092 legibus.
1001 1007 1069 1072 Sed
1091 1011 1198 1073 visum

163 1121 264 1176 estet
286 1111 379 1177 vobis
396 1121 429 1177 et
451 1112 638 1177 clarissimis
653 1113 730 1177 viris
753 1111 879 1189 melius,
902 1111 945 1175 de
967 1132 1034 1194 quo
1058 1112 1141 1175 servi
1165 1119 1199 1175 et

163 1215 308 1281 latrones
333 1217 465 1281 scivisse
491 1216 615 1300 aliquid
640 1215 795 1293 dicerent,
812 1215 854 1279 de
879 1214 943 1279 hoc
957 1213 1075 1278 eodem
1100 1234 1198 1277 cune-

162 1327 235 1383 tam
251 1319 383 1383 Italiam
399 1319 479 1402 quid
494 1320 632 1384 sentiret
647 1317 830 1383 ostendere.
857 1397 861 1404 ι

230 1422 307 1487 ΧΧ.
344 1423 394 1504 46.
421 1467 426 1476 ·
440 1407 597 1506 Sequitur
610 1422 654 1486 de
669 1422 774 1505 captis
790 1421 937 1505 pecuniis
952 1429 986 1485 et
1004 1421 1048 1484 de
1062 1421 1197 1485 ambitu.
1225 1437 1265 1484 10

146 1525 339 1608 'Legesque
365 1546 440 1589 cum
466 1526 571 1608 magis
595 1524 723 1589 iudiciis
749 1545 851 1607 quam
870 1525 978 1589 verbis
1002 1524 1200 1589 sanciendae
1267 1601 1269 1607 Ι

163 1628 239 1706 sint,
264 1629 474 1712 adiungitur:
509 1626 653 1693 Noxiae
681 1643 797 1707 poena
821 1643 886 1707 par
912 1631 1002 1707 esto,
1026 1636 1063 1692 ut
1086 1628 1119 1691 in
1140 1648 1201 1692 suo

162 1739 245 1804 vitio
282 1740 421 1823 quisque
458 1739 629 1823 plectatur,
666 1740 715 1804 vis
752 1741 870 1823 capite,
908 1739 1045 1804 avaritia
1083 1738 1197 1814 multa,

163 1842 298 1907 honoris
313 1843 476 1926 cupiditas
491 1843 672 1926 ignominia
691 1843 864 1910 sanciatur.
909 1843 1093 1908 Extremae
1108 1842 1198 1926 leges

164 1954 242 2010 sunt
258 1946 353 2010 nobis
375 1966 441 2010 non
457 1946 607 2022 usitatae,
624 1945 668 2010 rei
692 1945 843 2029 publicae
864 1947 1074 2011 necessariae.
1135 1946 1199 2009 Le·
1225 1958 1259 2024 15

164 2069 244 2132 gum
274 2049 460 2113 custodiam
490 2048 615 2113 nullam
644 2048 814 2113 habemus.
875 2049 993 2131 Itaque
1019 2070 1079 2112 eae
1109 2048 1199 2130 leges

175 2379 177 2386 ,
228 2330 249 2388 5.
269 2327 310 2376 45.
329 2325 612 2388 ingenii-prudentae
638 2327 761 2377 acurious
771 2328 886 2392 enallage,
900 2327 945 2378 but
956 2335 1000 2378 not
1012 2327 1197 2394 unexampled3

164 2393 258 2444 Davies
270 2391 334 2456 conj.
349 2408 439 2457 magno
454 2393 557 2456 ingenia.
578 2392 701 2458 (Madvig,
714 2393 745 2442 L.
762 2394 790 2443 G.
805 2395 825 2454 ἕ.
840 2391 909 2454 2874
921 2394 967 2454 2.).
1112 2447 1115 2454 ,

228 2456 314 2508 θοντο.
351 2458 380 2508 1.
404 2457 520 2507 Aurelius
539 2457 614 2507 Cotta
632 2458 701 2518 (Cos.
723 2455 802 2520 aaa).
825 2474 867 2523 cp.
881 2465 930 2522 pra
946 2459 1026 2519 Sestio,
1041 2470 1138 2508 xxxrv.
1156 2467 1193 2522 73.

166 2525 185 2564 ‘.‘
194 2525 223 2572 L.
253 2523 321 2572 Cotta
341 2523 506 2572 dabant-nihil
524 2523 554 2571 de
574 2539 612 2571 me
631 2530 714 2571 actum
733 2539 780 2572 esse
799 2523 860 2584 iure,
885 2523 951 2576 ιιιῚιιἹ
971 2539 1037 2576 mare
1061 2525 1193 2585 maneum,

164 2589 231 2638 nihil
247 2589 353 2652 legibus:
369 2589 397 2636 de
413 2588 489 2652 capite
505 2603 555 2636 nan
566 2589 634 2637 neoda
644 2589 721 2652 ferni,
735 2589 778 2637 sed
792 2589 939 2639 mindicari
948 2590 1043 2653 quidem
1057 2596 1132 2653 posse,
1147 2591 1197 2638 nisi

162 2653 264 2702 comitiis
281 2654 549 2717 centuriatis:—quare
566 2669 610 2714 me,
631 2653 675 2717 qni
691 2653 765 2702 nulla
775 2653 822 2718 lege
839 2654 947 2715 abessent,
961 2671 1011 2703 non
1033 2655 1129 2704 restitui
1138 2656 1192 2719 lege,

161 2719 204 2768 sed
212 2719 321 2768 revocari
330 2725 428 2766 senatus
438 2719 581 2766 auctorante
588 2716 718 2782 oportere.’'

227 2781 318 2832 omnia
328 2781 384 2832 illa.
425 2782 512 2832 Halm.
526 2783 634 2836 amaena
644 2783 689 2832 illa
701 2795 759 2834 Mss,
771 2784 868 2836 comr‘taa
879 2783 924 2833 illa
936 2783 1010 2848 Vulg.
1025 2784 1075 2833 and
1085 2783 1191 2844 Vahlen,

163 2847 221 2898 who
233 2848 317 2897 thinks
329 2847 389 2907 that,
404 2847 524 2910 although
534 2849 630 2897 camara
645 2850 700 2912 geri
709 2848 730 2898 is
741 2848 915 2914 unexampled,
935 2851 1031 2899 comnia
1049 2851 1128 2900 armis
1139 2851 1196 2914 geri

163 2929 220 2978 may
232 2914 263 2962 be
274 2913 423 2962 admissible.
444 2911 591 2962 servilibus.
605 2915 625 2974 5.
640 2923 679 2976 25.
1153 2957 1156 2963 .

204 2976 390 3028 -clanasimia
437 2993 454 3027 e.
463 2994 488 3042 g.
520 2979 661 3043 Pompeius,
686 2978 769 3038 Cotta,
800 2978 927 3028 Lentulus.
977 2980 1137 3028 “Revereatur
1162 2987 1196 3029 est

163 3044 266 3106 (Cicero)
285 3043 490 3092 senatusconsulta
506 3049 529 3091 et
544 3044 592 3108 lege
604 3044 692 3107 papuli
709 3044 810 3092 comedin
827 3045 969 3093 centuriatis
984 3045 1043 3104 lata,
1056 3045 1148 3093 civibus
1163 3061 1194 3093 ex

162 3109 240 3158 Italia
256 3109 326 3157 omni
342 3108 516 3166 confluentibus
532 3109 568 3156 ad
585 3109 706 3174 suffragia
715 3107 848 3172 ferenda.”
881 3109 1056 3174 Wyttenbach.
1093 3109 1144 3158 For
1166 3112 1194 3158 st

162 3173 237 3222 vobis
248 3189 317 3223 some
328 3173 387 3222 read
397 3177 419 3222 et
429 3173 502 3222 nabis.

227 3241 247 3298 ξ.
262 3238 305 3288 46.
323 3237 457 3298 Lagssqua
472 3237 729 3289 oum-sanciendae.
765 3237 872 3288 Vahlen.
886 3239 942 3302 legis
951 3254 1015 3302 quae
1024 3239 1063 3298 (or
1072 3240 1127 3304 que)
1138 3256 1194 3288 cam

162 3316 220 3353 MSS.
236 3303 316 3352 Halm
327 3303 388 3353 aster
400 3303 469 3352 Bake
480 3303 530 3352 and
542 3302 629 3353 Feldh.
644 3302 716 3353 reads
732 3301 840 3352 ambitu.
862 3303 935 3361 Quas
951 3302 1193 3364 quoniam-sanci-

162 3368 231 3417 enda
242 3369 320 3427 sunt3
338 3369 371 3432 by
382 3368 464 3417 which
475 3383 560 3418 means
571 3367 629 3433 they
640 3369 714 3418 avoid
726 3369 768 3418 the
780 3368 900 3433 difficulty
910 3368 939 3417 ol
946 3368 1032 3433 giving
1042 3371 1191 3431 sanciendae,

160 3434 290 3483 sanciatur
299 3433 412 3482 different
424 3433 559 3496 meanings,
572 3449 611 3498 cp.
627 3445 657 3482 11.
671 3435 692 3493 §-
710 3445 746 3483 11.

226 3497 334 3548 honoris
345 3497 481 3560 cupiditas.
521 3499 562 3548 “i.
573 3515 591 3547 e.
610 3495 742 3547 ambitus.’'
775 3496 883 3548 Turneb.
905 3498 1000 3558 Cicero,
1020 3500 1033 3549 I
1051 3499 1132 3560 think,
1149 3501 1194 3550 has

161 3563 283 3613 Aristone
302 3564 328 3612 in
339 3565 408 3612 mind
429 3565 475 3624 (N.
487 3563 520 3612 E.
543 3575 569 3612 x.
587 3564 645 3623 10.).
681 3565 704 3611 ol
721 3564 771 3626 ’γὰρ
782 3565 870 3612 πολλοὶ
882 3565 976 3626 ἀνάγκῃ
994 3566 1194 3628 μᾶλλονῆλόγῳ

161 3630 323 3692 πειθαρχοῦσι
341 3630 380 3677 καὶ
393 3630 486 3692 ζημίαις
503 3629 565 3689 datii
584 3627 735 3688 καλοὶ-διὸ
753 3629 793 3676 καί
813 3635 875 3690 φασι
887 3629 935 3676 δεῖν
952 3633 1065 3680 τοιαύτας
1083 3632 1193 3692 ’γίνεσθαι

161 3695 204 3744 τὰς
215 3697 295 3743 λύτας
307 3695 332 3742 at
343 3693 441 3753 μάλιστ’
452 3695 611 3742 ἐναντιοῦνται
623 3695 676 3744 ταῖς
687 3694 858 3754 ἀγαπωμέναις
869 3694 972 3754 ἡδοναῖς.

228 3759 329 3820 Legum
341 3759 494 3808 custodiam.
531 3757 662 3822 Although
682 3757 724 3807 the
736 3759 877 3822 Quaestors,
900 3761 990 3824 during
1009 3759 1072 3810 their
1091 3769 1152 3811 term
1171 3762 1200 3810 os

160 3824 241 3884 office,
254 3823 303 3872 had
311 3824 401 3889 charge
411 3825 439 3874 oi
448 3825 489 3874 the
500 3823 646 3884 AErarinm,
661 3823 687 3872 in
697 3823 779 3874 which
791 3825 847 3873 Sata
857 3825 906 3874 and
916 3825 986 3886 other
997 3825 1086 3875 official
1098 3826 1195 3874 records

161 3905 226 3939 were
245 3889 392 3954 deposited3
409 3897 458 3964 yet,
472 3905 499 3939 as
518 3889 577 3954 they
588 3889 637 3938 had
657 3889 728 3940 other
746 3889 829 3940 duties
838 3891 888 3940 and
900 3891 963 3945 their
982 3900 1043 3940 term
1057 3907 1106 3940 was
1118 3891 1193 3951 short,

1053 3968 1070 4003 Τ
