2818 4320
559 329 631 397 DE
652 329 879 399 LEGIBUS.
983 357 986 363 ·
1141 345 1201 415 107
1254 320 1257 328 ’

480 608 482 614 ’
514 589 661 656 LIBER
698 589 920 660 TERTIUS.

233 743 259 809 Ῑ.
284 765 312 818 1.
356 741 502 808 Marma
527 741 656 828 Sequar
684 744 792 828 igitur,
822 751 860 809 ut
888 743 1026 824 institui,
1050 743 1198 812 divinum

166 847 259 913 illum
292 847 408 925 virum,
447 866 548 931 quem
588 845 734 930 quadam
764 845 983 913 admiratione
1011 856 1199 913 commotus

163 952 296 1035 saepius
319 951 458 1016 sortasse
472 948 574 1014 laudo
595 969 696 1033 quam
712 970 846 1015 necesse
861 958 919 1018 est.
977 949 1049 1018 Ate.
1088 951 1199 1016 Plato·

161 1075 242 1120 nem
277 1054 432 1120 videlicet
467 1053 584 1137 diligis.
664 1051 716 1119 M.
774 1053 881 1118 Istum
918 1053 1036 1144 ipsum,
1073 1053 1197 1120 Attice.

163 1155 236 1223 Att.
297 1157 350 1222 Tu
368 1177 457 1223 ‘vero
486 1177 563 1221 eum
594 1175 655 1221 nec
684 1155 782 1220 nimis
810 1154 909 1220 valde
937 1176 1097 1239 umquam
1135 1175 1198 1221 nec
1240 1167 1259 1237 ς

163 1262 261 1326 nimis
285 1281 385 1346 saepe
410 1258 602 1325 laudaveris.
647 1259 737 1323 Nam
763 1257 827 1323 hoc
853 1257 934 1322 mihi
964 1259 1064 1324 etiam
1094 1259 1223 1324 nostri·

161 1365 218 1443 illi,
245 1365 302 1448 qui
317 1364 484 1428 neminem
499 1363 561 1427 nisi
586 1381 684 1427 suum
706 1361 833 1426 laudari
853 1361 979 1439 volunt,
1001 1360 1196 1440 concedunt,

160 1476 200 1532 ut
229 1487 306 1532 eum
335 1466 494 1530 arbitratu
525 1485 601 1530 meo
638 1465 783 1548 diligam
855 1463 907 1530 M.
959 1465 1051 1530 Bene
1087 1463 1198 1530 hercle

160 1571 295 1638 faciunt.
340 1569 433 1654 Quid
456 1568 545 1633 enim
569 1576 621 1634 est
644 1568 810 1651 elegantia
831 1577 891 1635 tua
913 1567 1071 1653 dignius?
1102 1568 1195 1656 cuius

66 1667 69 1674 ’
160 1683 196 1741 et
218 1675 288 1740 vita
310 1681 345 1739 et
368 1673 474 1738 oratio
499 1679 678 1743 consecuta
704 1670 785 1736 mihi
812 1671 945 1739 videtur
967 1671 1195 1737 difficillimam
1219 1686 1261 1737 10

161 1777 252 1843 illam
267 1777 461 1842 societatem
476 1775 647 1859 gravitatis
663 1795 739 1839 cum
753 1773 968 1842 humanitate
1008 1776 1081 1841 Art.
1105 1773 1195 1842 Sane

160 1880 301 1966 gaudeo,
331 1878 422 1963 quod
460 1888 496 1944 te
524 1877 738 1962 interpellavi,
769 1879 926 1961 quoniam
957 1880 1092 1965 quidem
1122 1887 1193 1945 tam

159 1984 364 2070 praeclarum
389 1981 469 2047 mihi
495 1980 616 2047 dedisti
642 1980 755 2045 iudicii
780 1981 828 2046 tui
848 1983 1096 2050 testimonium:
1132 1981 1192 2047 sed

159 2109 269 2174 perge,
295 2095 333 2152 ut
358 2106 522 2170 coeperas.
587 2100 618 2153 2.
662 2084 714 2149 M.
759 2083 951 2150 Laudemus
977 2086 1078 2170 igitur
1102 2085 1192 2170 prius

128 2191 267 2276 -legem
297 2191 403 2274 ipsam
432 2190 516 2255 veris
546 2196 581 2253 et
608 2187 748 2271 propriis
782 2188 912 2271 generis
940 2188 991 2254 sui
1028 2188 1189 2254 laudibus.
1217 2199 1253 2269 ις
1317 2254 1322 2266 ,

156 2295 234 2365 Att.
275 2294 364 2361 Sane
393 2291 537 2376 quidem,
567 2291 653 2356 sicut
682 2290 725 2354 de
754 2289 958 2374 religionum
979 2289 1053 2374 lege
1075 2288 1189 2356 fecisti

155 2398 207 2465 M.
247 2397 379 2463 Videtis
394 2396 494 2479 igitur
508 2395 721 2478 magistratus
734 2392 821 2458 hanc
836 2413 909 2472 esse
922 2394 1000 2472 vim,
1016 2401 1054 2459 ut
1067 2395 1211 2497 praesit⁸

155 2500 424 2587 praescribatque
445 2506 535 2563 recta
550 2506 585 2562 et
598 2496 693 2561 utilia
714 2503 749 2561 et
763 2497 940 2563 coniuncta
961 2517 1037 2561 cum
1052 2496 1188 2581 legibus

156 2605 209 2672 Ut
223 2606 311 2669 enim
327 2601 574 2687 magistratibus
589 2599 688 2684 leges,
698 2601 746 2664 ita
760 2599 885 2684 populo
899 2608 1057 2683 praesunt
1068 2600 1189 2684 magis·

156 2717 272 2785 tratus,
301 2725 446 2790 vereque
474 2703 539 2769 dici
569 2711 681 2788 potest
710 2703 941 2787 magistratum
970 2703 1079 2789 legem
1115 2718 1255 2771 esseae
1280 2765 1283 2774 ,

219 2971 253 3030 §5-
276 2979 362 3018 1-12,
397 2965 429 3015 In
458 2980 577 3016 ursuance
594 2964 623 3015 os
631 2963 673 3016 the
684 2964 744 3030 plan
762 2965 945 3017 announcedin
965 2966 1012 3017 Bk.
1033 2977 1064 3017 11.
1088 2967 1111 3026 5.
1135 2978 1185 3028 ι4.,

154 3051 193 3087 we
204 3035 269 3084 have
279 3034 340 3094 first,
354 3032 446 3082 anintr
480 3037 567 3096 uctory
577 3046 610 3080 on
621 3029 664 3081 the
674 3030 810 3094 Magistrac
836 3049 844 3082 r
867 3031 899 3081 its
909 3031 1047 3090 definition,
1065 3031 1188 3095 necessity

153 3102 205 3152 and
221 3100 322 3164 utilitys
339 3104 383 3148 not
401 3097 461 3162 only
478 3103 543 3146 must
554 3095 624 3146 there
641 3096 699 3146 bea
717 3047 833 3161 properly
851 3097 1001 3146 constituted
1018 3095 1142 3159 authority
1159 3095 1186 3146 iu

154 3166 197 3218 the
217 3165 305 3225 State3
322 3164 366 3214 but
385 3162 454 3213 there
472 3169 536 3212 must
547 3159 601 3210 also
619 3161 652 3210 be
662 3177 678 3210 a
688 3176 780 3227 proper
797 3167 894 3226 respect
903 3160 942 3211 t'or
952 3159 1084 3225 authority,
1098 3175 1132 3227 on
1143 3160 1186 3212 the

219 3231 249 3280 oi
257 3231 299 3280 the
309 3228 417 3279 citimus.
452 3227 525 3276 Theu
535 3225 621 3276 follow
631 3225 674 3276 the
685 3225 780 3276 several
796 3226 890 3276 clauses
901 3226 930 3275 of
938 3226 980 3276 the
997 3226 1058 3275 Law
1069 3243 1076 3287 ς
1093 3224 1183 3288 which,

151 3239 270 3346 fferam
288 3310 323 3350 ou
334 3293 458 3357 Religion,
472 3292 585 3341 isstated
600 3298 645 3341 not
655 3298 682 3341 to
693 3291 765 3340 differ
783 3290 923 3355 essentiassy
940 3289 1004 3340 from
1023 3290 1065 3341 the
1085 3287 1186 3342 Roman

152 3360 321 3449 constitption,
345 3358 421 3435 being
442 3357 551 3422 adapted
572 3363 599 3406 to
620 3356 664 3407 the
684 3355 749 3406 form
766 3355 795 3405 oi
809 3361 971 3420 governrnent
996 3355 1138 3420 prescribed
1159 3356 1186 3408 iu

152 3428 241 3552 eme?
249 3427 298 3540 s1.R
298 3423 405 3552 {iffi
433 3487 522 3538 neren.
536 3486 639 3537 aaran
657 3485 707 3535 nis
725 3484 835 3549 reading.
870 3485 940 3535 Most
960 3484 1025 3536 aaa.
1047 3486 1125 3577 adopt
1141 3487 1185 3540 ue

150 3557 289 3607 correction
307 3556 373 3605 duas.
414 3553 557 3603 Tramlate:
576 3552 673 3612 ‘Plato
687 3566 735 3600 one
753 3566 811 3615 may
821 3565 870 3612 see,
885 3551 907 3599 is
925 3567 988 3616 your
1004 3551 1098 3603 choico
1141 3569 1181 3618 cp.

151 3623 174 3674 I.
202 3659 209 3672 .
227 3635 237 3670 1
258 3659 264 3670 .

188 3622 307 3747 ,gadem
343 3700 382 3749 cp.
397 3685 418 3734 I.
433 3685 454 3745 5.
468 3695 507 3734 21.
543 3681 615 3733 With
633 3681 683 3732 this
698 3680 839 3732 encomium
856 3696 890 3731 on
901 3680 999 3734 Atticus
1016 3681 1185 3749 Wyttenbach

150 3768 232 3818 comp.
248 3750 347 3802 Cornel.
362 3750 449 3815 Nepos
460 3749 543 3812 (Aeac.
564 3749 632 3809 xv.).
1124 3747 1128 3758 ’
1285 3743 1288 3752 “

214 3819 235 3878 S.
254 3817 277 3867 2.
297 3815 351 3865 did
361 3817 455 3877 potest.
491 3815 577 3864 Moser
587 3813 638 3864 and
656 3810 739 3861 others
750 3810 812 3863 omit
826 3817 909 3878 potest,
930 3812 1046 3878 marking
1063 3815 1095 3862 ut
1112 3811 1185 3864 enlm

149 3879 359 3946 -magimatun
379 3896 407 3932 as
424 3896 440 3931 a
456 3878 617 3948 parenthesis.
653 3878 755 3930 Editors
776 3892 816 3944 cp.
838 3878 881 3930 the
902 3877 996 3930 dictum
1017 3878 1131 3930 ascribed
1157 3885 1184 3930 to
