2754 4322
479 333 550 400 DE
593 337 821 428 LEGIBUS.
1105 353 1142 417 31

107 494 276 560 laudabile
299 505 396 573 esset,
420 505 480 562 aut
501 505 591 562 certe
614 498 743 563 nullum
767 497 960 564 habendum
985 517 1145 580 magnum

108 598 243 677 bonum,
271 601 333 665 nisi
363 601 454 683 quod
484 620 561 666 vere
587 600 714 666 laudari
738 624 799 667 sua
822 610 943 686 sponte
966 609 1081 685 posset
1094 622 1147 666 :-

106 705 158 784 38.
207 704 246 768 iis
272 704 434 782 omnibus,
450 705 521 768 sive
546 705 579 768 in
600 704 786 798 Academia
810 711 923 772 vetere‘
936 727 1013 771 cum
1041 706 1146 789 Speu-

106 807 213 891 sippo,
245 809 444 884 Xenocrate,
477 805 656 872 Polemone
686 820 887 889 manserunt,
916 811 985 875 sive
1014 810 1146 875 Aristo·

106 910 209 975 telem
251 921 285 977 et
324 910 606 995 Theophrastum,
637 933 713 976 curn
744 913 807 978 illis
844 923 1064 998 congruentes
1100 933 1144 990 re,
1191 925 1207 992 5

106 1034 229 1097 genere
258 1015 400 1079 docendi
427 1013 564 1098 paulum
594 1015 793 1094 differentes,
820 1019 924 1081 secuti
950 1026 1037 1094 sunt,
1065 1017 1142 1094 sive,

107 1125 146 1182 ut
173 1119 299 1183 Zenoni
323 1119 431 1182 visum
459 1127 518 1196 est,
549 1118 646 1184 rebus
673 1140 740 1184 non
765 1122 978 1184 commutatis
1002 1121 1145 1185 inmuta·

104 1230 225 1286 verunt
246 1220 417 1299 vocabula,
442 1222 512 1286 sive
536 1223 636 1287 etiam
660 1223 829 1288 Aristonis
852 1222 1018 1287 difficilem
1041 1232 1143 1306 atque

107 1323 257 1400 arduam,
281 1324 340 1388 sed
367 1325 433 1389 iam
457 1334 571 1389 tamen
593 1325 732 1391 fractam
749 1335 783 1391 et
806 1327 995 1391 convictam
1019 1334 1145 1390 sectam

107 1427 214 1490 secuti
243 1435 329 1504 sunt,
352 1435 390 1491 ut
418 1428 594 1493 virtutibus
619 1430 770 1513 exceptis
794 1437 896 1513 atque
922 1429 1010 1493 vitiis
1035 1437 1145 1492 cetera
1171 1445 1210 1492 10

107 1529 142 1592 in
168 1549 300 1594 summa
315 1530 515 1614 aequalitate
530 1542 701 1616 ponerent,
718 1533 757 1597 iis
772 1532 927 1598 omnibus
942 1533 1033 1610 haec,
1058 1552 1145 1615 quae

107 1631 189 1708 dixi,
203 1633 390 1716 probentur.
435 1651 485 1716 39.
532 1634 603 1700 Sibi
619 1645 730 1700 autem
747 1636 951 1720 indulgentis
966 1645 1001 1700 et
1015 1634 1143 1718 corpori

106 1734 322 1802 deservientis
345 1745 447 1822 atque
471 1739 592 1815 omnia,
609 1759 694 1821 quae
709 1747 891 1822 sequantur
905 1741 938 1803 in
954 1740 1023 1804 vita
1043 1759 1143 1822 quae-

106 1859 172 1922 que
181 1839 320 1924 fugiant,
336 1842 564 1925 voluptatibus
580 1851 614 1906 et
629 1842 797 1908 doloribus
807 1843 1030 1926 ponderantis,
1041 1844 1142 1906 etiarn

104 1943 133 2006 si
148 1964 225 2008 vera
240 1943 481 2010 dicunt-nihil
504 1946 593 2009 enim
616 1965 700 2029 opus
723 1955 774 2009 est
795 1945 858 2010 hoc
881 1946 954 2010 loco
977 1945 1141 2022 litibus-7
1170 1956 1204 2025 15

105 2047 139 2110 in
162 2046 304 2112 hortulis
319 2049 387 2112 suis
412 2047 585 2112 iubeamus
612 2049 729 2123 dicere,
746 2058 847 2132 atque
869 2050 971 2113 etiam
986 2048 1030 2113 ab
1051 2049 1143 2112 omni

169 2245 190 2304 5.
211 2245 252 2294 38.
288 2244 439 2306 Speusippo.
477 2243 570 2294 Plato’s
580 2244 747 2310 nephewand
758 2261 884 2296 successor
899 2245 926 2295 in
934 2245 976 2295 the
993 2245 1141 2310 Academy;

104 2309 258 2359 Xenocrates
270 2309 299 2358 ol
311 2310 455 2360 Chalcedon
467 2310 604 2360 succeeded
623 2311 778 2375 Speusippus
787 2329 795 2371 ς
813 2311 916 2360 Polemo
936 2311 965 2360 ol
981 2311 1079 2360 Athens
1091 2327 1141 2360 was

104 2388 121 2422 a
132 2374 204 2439 pupil
215 2375 244 2423 of
251 2375 404 2424 Xenocrates
416 2375 528 2437 (Preller,
542 2377 609 2424 Hist.
623 2376 690 2425 Phil.
704 2378 738 2436 55.
752 2374 912 2438 289-302).

172 2443 347 2500 congruentes
367 2453 404 2490 re.
452 2441 540 2491 Cicero
561 2441 614 2490 like
641 2440 681 2490 his
702 2448 795 2490 master
822 2440 968 2500 Antiochus,
999 2441 1142 2506 repeatedly

104 2511 196 2554 asserts
212 2504 266 2553 that
283 2505 351 2554 there
367 2505 389 2554 is
405 2521 439 2555 no
456 2505 625 2555 fundamental
642 2505 774 2556 differeuce
790 2506 816 2555 in
836 2506 879 2555 the
898 2505 998 2555 Ethical
1017 2507 1141 2557 doctrines

104 2570 135 2620 ol
148 2570 191 2619 the
207 2569 277 2618 three
292 2578 361 2634 great
377 2570 495 2632 schools3
520 2587 560 2636 cp.
579 2573 600 2631 5.
624 2581 662 2634 53.
669 2589 677 2632 ;
699 2571 778 2620 Acad.
799 2573 863 2621 Post.
885 2583 924 2620 IV.
948 2581 983 2634 17.
990 2589 998 2632 ;
1023 2583 1075 2622 ΧΠ,
1097 2585 1138 2636 43.

105 2634 218 2697 (Preller,
233 2635 299 2684 Hesi.
315 2636 382 2685 Phil.
396 2638 416 2696 5.
430 2637 509 2698 449.).

169 2700 377 2750 inmuteverunl.
421 2717 475 2766 eg.
514 2701 631 2762 “(Zeno)
650 2701 717 2750 nihil
731 2702 820 2750 honum
834 2708 932 2766 prader
944 2703 1059 2752 virtutem
1076 2703 1144 2752 nihil

104 2766 201 2814 malum
218 2772 318 2830 praeter
337 2767 427 2815 vitium
449 2767 570 2817 censebat:
608 2767 702 2832 reliquo
720 2784 782 2831 quoe
802 2768 874 2816 ett'am
901 2769 963 2816 bono
990 2770 1143 2832 Peripatetici

103 2831 191 2880 disant
200 2838 223 2880 et
227 2831 378 2945 prodenti,
391 2833 516 2880 commoda
526 2832 638 2882 vxabas:
654 2847 717 2896 quoe
725 2833 793 2883 malo
802 2831 979 2884 incommoda.”
995 2835 1141 2884 Turnebus:

104 2897 212 2947 c.Cic.
250 2897 327 2962 in.,v.
342 2909 358 2945 2
374 2933 380 2946 .
396 2907 435 2958 74

118 2912 136 2961 p
169 2961 311 3011 Aristonis.
336 2905 545 3024 Αηξίστων...Χΐος,
560 2961 628 3023 droht
639 2963 782 3026 ἀδιαφορίαν
792 2964 989 3025 εἰσηγησάμενος.
1005 2963 1091 3027 (Diog.
1108 2963 1137 3012 L.

102 3037 155 3076 vn.
168 3028 220 3089 37.)
238 3026 382 3090 According
389 3033 416 3076 to
424 3027 484 3088 him,
496 3028 648 3092 everything,
657 3037 745 3094 except
751 3029 830 3078 virtue
838 3031 887 3078 aud
895 3027 1142 3088 vicenasabsolute-

102 3090 129 3154 ly
146 3091 304 3153 indifferent;
321 3092 431 3142 whereas
449 3093 517 3142 Zeno
533 3094 651 3158 qualibed
660 3094 700 3143 his
717 3094 809 3159 dogma
825 3095 855 3143 of
867 3094 910 3143 the
931 3093 1034 3141 “solum
1052 3093 1142 3141 bonum

104 3155 157 3205 &a
168 3154 182 3180 ”
200 3157 234 3220 by
244 3156 287 3207 the
298 3158 432 3208 admission
444 3159 473 3207 of
485 3160 628 3221 προηγμένα
643 3159 803 3225 “preferable
819 3155 1003 3208 altematives.”
1026 3156 1142 3218 (Preller,

102 3221 170 3272 Ht'st.
184 3223 251 3272 Phil.
262 3225 282 3282 5.
298 3223 374 3286 392.).
389 3239 428 3288 cp.
442 3225 462 3283 5.
478 3233 517 3288 55.

167 3286 288 3338 boehm.
325 3303 363 3352 cp.
378 3289 436 3338 Fin.
452 3289 487 3338 ΙΙ.
503 3300 567 3338 xm.
580 3301 621 3352 43.
667 3291 760 3350 “Quae
769 3304 846 3352 quum
857 3287 973 3337 Aristoni
982 3293 1004 3336 et
1013 3289 1142 3351 &rehoni

102 3353 203 3400 omnino
213 3354 267 3401 visa
277 3360 338 3401 sunt
349 3361 398 3418 pro
409 3355 494 3415 nihilo,
512 3361 541 3403 nt
556 3355 622 3403 inter
637 3355 724 3418 optime
733 3355 814 3403 valere
830 3353 1004 3418 elgrootssime
1019 3362 1143 3418 aegrotare

103 3417 172 3466 nihil
185 3424 291 3481 prorms
310 3419 415 3468 dnerent
438 3420 553 3480 interesse,
579 3425 639 3468 recte
657 3419 713 3468 iam
739 3417 842 3480 pridem
862 3424 947 3467 contro
976 3435 1012 3468 eos
1038 3421 1140 3470 desitum

102 3489 137 3530 est
145 3481 294 3546 disputari?

166 3548 317 3608 probentur.
353 3561 412 3599 uss
436 3549 500 3598 bave
516 3549 667 3610 probentur,
687 3547 732 3597 but
750 3547 884 3612 according
902 3554 928 3598 to
948 3549 1078 3601 Turnebus
1097 3550 1140 3601 the

102 3618 218 3662 sentence
229 3613 346 3679 properly
355 3615 467 3678 depends
477 3631 546 3678 upon
557 3613 599 3664 the
610 3613 744 3678 preceding
754 3614 874 3664 uteiscet.
1083 3613 1087 3620 '

167 3677 189 3735 ἓ.
209 3679 251 3727 39.
286 3679 408 3729 hortulis.
423 3696 462 3744 cp.
476 3680 512 3730 N.
527 3680 725 3741 D.I.43,120.
766 3680 1048 3730 “Donocritus...euius
1057 3681 1138 3744 sonti-

102 3741 146 3790 bus
167 3743 293 3806 Ept'cums
311 3743 431 3794 hortulos
451 3761 507 3794 suos
527 3741 669 3810 irrigavit.”
709 3745 760 3793 For
781 3744 875 3806 dicere,
899 3747 1001 3796 desidere
1018 3746 1139 3796 hasbeen

103 3809 244 3871 suggested.
