2754 4322
464 316 537 382 DE
571 315 799 385 LEGIBUS.
1111 331 1153 398 ²9

118 475 217 560 Quae
240 464 509 561 praemuniuntur
538 479 651 560 omnia
680 477 806 562 reliquo
834 475 978 544 sermoni
1006 475 1155 560 disputa·

118 581 267 664 tionique
281 590 423 661 nostrae,
439 601 507 665 quo
521 581 648 660 facilius
663 583 714 648 ius
729 583 763 647 in
778 589 897 648 natura
919 600 993 646 esse
1007 580 1155 664 positum

117 683 266 768 intellegi
289 685 403 768 possit
448 685 503 748 De
526 704 593 767 quo
619 704 720 768 quom
743 705 910 769 perpauca
931 683 1059 760 dixero,
1081 690 1155 748 tum
1235 752 1237 756 .

117 787 162 852 ad
178 788 228 852 ius
243 788 337 853 civile
351 787 493 865 veniam,
509 807 554 851 ex
569 807 636 870 quo
650 787 733 854 haec
748 788 856 853 omnis
871 796 923 854 est
945 794 1024 854 nata
1038 786 1153 853 oratio.

183 891 286 956 XIII.
329 899 399 974 35,
435 889 474 971 Q.
512 890 565 955 Tu
594 911 673 956 vero
702 892 769 956 iam
799 905 979 970 perpauca
1006 889 1154 968 scilicet;
1200 902 1216 970 5

118 1015 164 1058 ex
192 993 245 1060 his
279 995 378 1072 enim,
413 1013 500 1078 quae
528 993 645 1060 dixisti
674 991 727 1038 ⁴⁵*
756 992 884 1071 Attico,
913 994 1044 1060 videtur
1073 991 1154 1058 mihi

118 1098 255 1181 quidem
284 1106 373 1162 certe
396 1117 442 1161 ex
471 1105 589 1163 natura
618 1105 729 1164 ortum
756 1117 830 1162 esse·
855 1098 914 1162 ius.
978 1096 1051 1162 Art.
1094 1095 1154 1160 An

118 1201 200 1265 mihi
222 1199 318 1265 aliter
337 1199 442 1265 uideri
464 1201 578 1284 possit,
602 1221 678 1270 cum
701 1201 786 1266 haec
811 1202 878 1267 iam
904 1199 1052 1284 perfecta
1076 1199 1152 1276 sint,

118 1305 264 1389 primum
290 1303 385 1386 quasi
410 1305 599 1371 muneribus
628 1304 766 1375 deorum
791 1324 853 1368 nos
878 1323 951 1368 esse
975 1303 1154 1368 instructos
1226 1359 1228 1364 ,

118 1415 155 1472 et
180 1415 323 1484 ornatos,
347 1407 493 1472 secundo
520 1416 633 1473 autem
658 1407 733 1473 loco
756 1425 959 1473 unam-esse
981 1404 1154 1470 hominum
1180 1421 1219 1468 ro

119 1511 206 1575 inter
233 1511 323 1595 ipsos
361 1511 493 1576 vivendi
522 1532 637 1596 parem
671 1521 704 1577 et
729 1529 942 1576 communem
981 1508 1153 1585 rationem,

119 1613 240 1679 deinde
269 1634 385 1680 omnes
413 1615 499 1679 inter
527 1621 564 1680 se
592 1613 735 1680 naturali
765 1613 912 1697 quadam
946 1610 1154 1695 indulgentia

118 1727 155 1783 et
181 1717 420 1796 benevolentia,
450 1726 523 1783 tum
549 1718 651 1784 etiam
677 1718 837 1784 societate
864 1717 943 1783 iuris
966 1714 1154 1782 contineri?

117 1821 215 1906 Quae
230 1842 332 1905 quom
353 1842 432 1887 vera
447 1842 520 1886 esse
541 1830 639 1899 recte,
654 1830 693 1886 ut
713 1821 862 1899 arbitror,
885 1819 1152 1896 concesserimus,

117 1926 175 2009 qui
197 1926 264 1991 iam
289 1924 368 1990 licet
389 1924 485 1990 nobis
507 1946 528 1989 a
554 1933 672 1991 natura
686 1923 777 2008 leges
800 1933 835 1990 et
856 1924 928 1990 iura
952 1921 1152 2006 seiungere?
1178 1934 1214 2002 15
1240 1939 1244 1948 ’

116 2029 167 2111 36.
211 2029 263 2093 M.
315 2029 422 2095 Recte
451 2027 542 2107 dicis,
573 2037 608 2094 et
636 2049 688 2094 res
716 2048 754 2093 se
782 2027 830 2093 sic
857 2026 968 2094 habet
1026 2025 1153 2090 Verum

116 2130 390 2215 philosophorum
428 2151 528 2210 more,
558 2151 627 2196 non
645 2138 804 2196 -veterum
835 2129 970 2213 quidem
1010 2126 1152 2205 illorum,

182 2424 402 2489 praemuniuntur
411 2447 439 2468 =
443 2431 633 2491 praeparantia
641 2426 662 2486 ς.
676 2423 717 2476 28.
755 2424 835 2477 “Our
845 2423 929 2489 object
947 2423 974 2478 in
990 2422 1104 2490 securing
1118 2421 1153 2476 all

117 2490 188 2543 these
199 2491 327 2558 positions,
340 2493 362 2542 is
374 2499 400 2542 to
411 2507 475 2558 pave
486 2490 529 2542 the
539 2507 595 2556 way
605 2490 643 2542 for
651 2489 715 2542 drc.”

182 2559 202 2618 ἓ.
223 2557 264 2608 85.
300 2556 410 2609 scilicet
446 2557 565 2608 Notanda
580 2556 718 2615 mironio,
737 2554 914 2622 quartantur
929 2570 953 2604 v.
967 2552 1078 2615 scilicet,
1092 2570 1155 2620 quae

115 2623 193 2738 (asiai,
204 2629 235 2671 ut
242 2623 294 2672 riam
305 2623 385 2672 multa
394 2623 425 2673 de
432 2640 458 2674 eo
467 2623 557 2673 dhisse
566 2621 686 2672 milam.
709 2621 797 2672 Feldh.
811 2621 848 2670 As
859 2621 873 2670 I
884 2620 943 2670 take
954 2619 981 2682 it,
995 2619 1038 2670 the
1049 2620 1120 2685 irony
1130 2619 1152 2670 is

134 2687 248 2738 oubtful:
269 2688 397 2749 “Indeed‚
411 2705 461 2753 you
471 2687 536 2737 have
545 2687 646 2751 already
657 2685 711 2736 said
728 2685 797 2737 these
811 2685 883 2736 “few
899 2684 1009 2750 things,’'
1020 2702 1069 2752 you
1086 2693 1153 2738 must

115 2751 220 2804 know.''
253 2753 303 2804 His
314 2753 412 2804 hearers
422 2753 487 2805 need
497 2768 531 2803 no
541 2752 635 2804 further
645 2750 737 2817 procis.

181 2816 283 2868 dixisti.
319 2818 415 2870 Gdrenz
437 2819 509 2870 reads
525 2834 587 2884 quae
609 2817 696 2868 dixbtr'
709 2817 791 2867 Attico
805 2816 909 2878 videtur,
928 2815 993 2866 miti
1007 2821 1047 2867 cet.
1067 2815 1151 2868 others

115 2899 179 2949 quae
192 2885 285 2944 dixisti,
298 2885 378 2933 Attr'co
393 2885 497 2933 maur.
534 2883 640 2932 Ursinus
654 2883 706 2932 nisi
713 2882 777 2947 quid
784 2883 865 2932 Attico
874 2882 977 2933 videtur.
1004 2881 1093 2932 Feldh.
1106 2880 1150 2929 ad·

115 2948 210 2999 hucior
220 2950 307 2999 Attr'co.
322 2949 416 3000 Davies
422 2951 509 3009 Attico,
523 2949 597 3008 creda
611 2948 713 2998 miletur.
734 2947 849 3012 Quintus,
860 2947 1062 2998 himseliaStoic
1072 2947 1093 3004 5.
1108 2957 1148 3004 21,

115 3014 201 3064 would
212 3021 257 3064 not
266 3015 299 3064 be
310 3013 388 3080 likely
396 3021 422 3064 to
433 3014 511 3080 spealr
519 3013 693 3077 unreservedly
701 3013 739 3063 lor
746 3013 851 3064 Atticus
888 3013 968 3062 Halm
985 3010 1071 3060 thinks
1081 3024 1151 3059 some

116 3079 178 3130 such
189 3081 270 3130 words
281 3095 309 3130 aa
320 3080 371 3129 niri
379 3080 452 3130 aliter
462 3079 525 3128 have
535 3079 599 3130 been
609 3078 667 3130 lost.

182 3143 227 3194 An
237 3143 314 3197 mihi.
330 3144 429 3195 Atticus
440 3144 613 3208 complaisantl
637 3142 810 3208 recapitulatas
822 3141 864 3192 the
875 3145 1013 3206 argument,
1027 3155 1067 3205 cp.
1077 3140 1098 3201 ᾖ
1108 3151 1148 3190 21.

171 3211 210 3260 'ei
225 3209 417 3260 bammlanfia
454 3209 533 3260 Halm
553 3161 667 3260 brackets
686 3209 756 3259 these
774 3208 863 3268 words,
881 3207 986 3257 because
1007 3205 1033 3254 in
1045 3204 1077 3256 A.
1092 3204 1152 3270 they

116 3291 159 3324 are
178 3275 276 3325 written
287 3275 313 3324 in
333 3275 375 3326 the
394 3275 492 3341 margin
505 3275 548 3324 “a
559 3290 592 3326 m.
615 3271 765 3324 roeerrtrbre.”
798 3273 898 3322 Vahlen
916 3286 950 3321 on
972 3269 1015 3320 the
1037 3277 1151 3337 contrary

115 3355 173 3406 says
186 3341 291 3390 “manu
301 3338 431 3408 ann'qua.”

133 3445 135 3448 .
184 3407 218 3466 §k
239 3407 347 3456 tro-89.
393 3405 524 3470 Although
545 3403 585 3455 his
607 3403 717 3454 auditore
739 3417 838 3467 express
860 3399 1009 3452 themselves
1030 3401 1154 3462 satisfieri„

116 3471 218 3520 Marcus
237 3471 337 3536 prefers,
351 3471 414 3522 aiter
430 3470 472 3521 the
483 3469 581 3520 fashion
600 3468 687 3520 nithe
705 3468 794 3529 Stoies,
809 3474 835 3517 to
853 3466 947 3516 discuss
963 3465 1005 3516 the
1042 3469 1148 3527 uestion,

117 3531 230 3587 wliether
247 3536 319 3586 iuris
339 3537 410 3598 φύσει
422 3552 451 3586 or
461 3536 535 3596 θέσει,
555 3550 624 3585 more
642 3533 669 3584 in
687 3533 771 3584 detail.
808 3532 852 3594 He
873 3539 949 3586 states
966 3537 994 3582 to
1009 3547 1032 3583 w
1051 3548 1093 3582 om
1112 3531 1152 3600 his

115 3608 259 3668 arguments
269 3617 312 3653 are
327 3601 468 3652 addressed.

182 3668 202 3730 5.
223 3667 264 3717 86.
288 3669 417 3718 veterum.
442 3656 512 3716 Bake
522 3663 634 3721 remarks
644 3662 706 3726 that,
725 3662 752 3712 in
764 3661 860 3723 Cicero,
874 3661 917 3712 the
933 3668 996 3714 term
1006 3669 1092 3711 vetem
1101 3662 1148 3727 ph.

115 3732 138 3782 is
159 3731 262 3783 relative
272 3749 281 3793 ;
300 3732 442 3782 sometimes
458 3730 575 3796 meaning
597 3729 670 3780 Plato
688 3729 739 3780 and
759 3728 888 3790 Aristotle,
909 3743 937 3778 as
956 3728 983 3777 in
1000 3727 1049 3778 this
1069 3727 1149 3792 place,

115 3797 167 3848 and
178 3797 320 3848 sometimes
330 3796 395 3848 their
405 3797 582 3861 predecessors.
618 3811 658 3860 ep.
672 3794 750 3845 Acad.
765 3794 802 3845 11.
817 3802 839 3859 ς.
857 3807 893 3858 ¹4
912 3793 982 3843 Ture.
1002 3793 1023 3842 L
1041 3796 1077 3842 to
1092 3797 1134 3842 ao'
