2818 4320
214 303 256 382 84
586 311 587 316 ’
619 299 795 368 CICERO

279 463 374 529 XVI.
402 479 469 548 ·4o.
514 462 681 548 Deinceps
707 463 741 528 in
756 461 831 547 lege
856 471 917 540 est,
932 468 971 527 ut
985 459 1029 526 de
1044 459 1160 526 ritibus
1174 465 1263 543 pate

213 566 269 630 riis
293 565 444 632 colantur
457 566 609 651 optumi:
638 567 681 632 de
704 586 863 651 quocum
878 564 1089 631 consulerent
1102 563 1266 628 Atheni·

214 689 310 734 enses
332 669 528 755 Apollinem
544 668 710 754 Pythium,
726 690 810 754 quas
836 670 1047 754 potissimum
1073 667 1252 751 religiones
1320 689 1329 710 .

214 781 374 851 tenerent,
389 772 536 839 oraclum
552 774 678 839 editum
694 782 765 840 est:
789 779 864 838 ‘eas
880 793 967 857 quae
981 779 1092 837 essent
1106 771 1140 836 in
1157 791 1253 835 more

172 877 396 957 smaiorum!
457 876 535 960 Quo
571 865 648 942 cum
673 878 793 942 iterum
822 877 991 942 venissent
1019 875 1262 966 maiorumque¹

216 999 341 1045 rnorem
366 980 531 1045 dixissent
555 1001 656 1066 saepe
676 1001 748 1046 esse
775 989 942 1045 mutatum
967 979 1252 1063 quaesissentque,

214 1102 314 1166 quem
341 1103 467 1149 morem
482 1084 692 1168 potissimum
719 1093 968 1167 sequerenture
993 1083 1100 1159 variis,
1114 1101 1252 1165 respon-

214 1187 285 1252 dit:
309 1187 520 1271 ‘optumum’
573 1186 620 1252 Et
641 1186 790 1271 profecto
805 1187 853 1251 ita
875 1195 934 1263 est,
951 1195 989 1250 ut
1003 1185 1037 1249 id
1057 1184 1252 1250 habendum

213 1290 257 1355 sit
271 1291 538 1374 antiquissimum
554 1299 589 1354 et
603 1290 668 1354 deo
682 1290 883 1374 proximum,
899 1290 990 1373 quod
1005 1290 1049 1354 sit
1063 1296 1251 1371 optumum.

153 1408 193 1456 10
279 1393 410 1476 Stipem
434 1392 627 1458 sustulimus
651 1393 714 1458 nisi
730 1413 813 1470 earn,
838 1413 939 1476 quam
965 1393 1009 1457 ad
1032 1412 1156 1474 paucos
1179 1391 1252 1455 dies
1290 1466 1293 1470 ,

213 1496 381 1579 propriam
397 1494 520 1560 Idaeae
536 1495 654 1560 Matris
669 1497 881 1580 excepimus;
900 1495 1019 1580 implet
1033 1495 1122 1560 enim
1136 1514 1252 1578 super-
1329 1495 1341 1556 ι’.

213 1600 348 1664 stitione
363 1599 492 1664 animos
508 1607 542 1663 et
556 1598 711 1664 exhaurit
726 1600 856 1665 domus.

280 1700 450 1784 Sacrilego
463 1721 573 1786 poena
587 1710 647 1779 est,
663 1722 772 1786 neque
786 1703 817 1766 ei
831 1701 902 1780 soli,
919 1702 977 1785 qui
991 1722 1121 1767 sacrum
1136 1699 1252 1765 abstu-

92 1879 95 1886 .
213 1803 296 1880 lerit,
312 1803 371 1868 sed
387 1804 488 1868 etiam
504 1805 543 1882 ei,
559 1805 616 1888 qui
631 1825 725 1870 sacro
740 1805 1021 1871 commendatum.
1064 1815 1115 1883 41.
1148 1803 1251 1888 Quod

154 1920 190 1989 ις
216 1915 250 1972 et
276 1927 363 1971 nunc
379 1907 491 1972 multis
515 1907 554 1973 fit
569 1909 602 1972 in
628 1908 721 1986 sanis,
737 1917 772 1974 et
797 1909 995 1973 Alexander
1013 1909 1047 1973 in
1063 1907 1179 1974 Cilicia
1193 1907 1252 1971 de-

216 2011 367 2095 posuisse
386 2011 477 2094 apud
500 2010 647 2076 Solensis
670 2013 703 2076 in
719 2011 858 2079 delubro
881 2013 1056 2096 pecuniam
1079 2011 1200 2075 dicitur
1216 2017 1253 2075 et

214 2113 432 2178 Atheniensis
458 2113 644 2180 Clisthenes
672 2114 793 2179 Iunoni
820 2113 963 2192 Samiae,
988 2115 1067 2180 civis
1090 2114 1250 2198 egregius,

214 2237 291 2283 cum
314 2216 411 2282 rebus
426 2217 559 2283 timeret
580 2218 657 2296 suis,
673 2217 814 2283 filiarum
829 2219 918 2283 dotis
933 2218 1120 2283 credidisse.

281 2322 355 2386 Iam
378 2321 421 2385 de
443 2322 600 2404 periuriis,
623 2321 666 2387 de
688 2321 816 2387 incesto
838 2321 919 2386 nihil
933 2341 1015 2386 sane
1035 2319 1100 2385 hoc
1114 2319 1250 2404 quidem

151 2439 194 2489 20
215 2423 289 2490 loco
304 2424 542 2508 disputandum
558 2434 617 2490 est
699 2448 702 2453 ·
1184 2473 1187 2478 -

216 2601 219 2604 ,
280 2527 388 2591 Donis
425 2528 517 2612 impii
547 2549 589 2593 ne
619 2527 751 2612 placare
780 2527 927 2593 audeant
955 2527 1046 2605 deos,
1077 2526 1251 2591 Platonem

216 2755 300 2805 When
320 2753 475 2815 Timotheus,
489 2756 520 2806 of
526 2756 663 2818 Miletus,
655 2771 682 2806 ιιι
692 2772 709 2806 a
719 2757 823 2808 musical
834 2765 929 2809 contest
941 2765 967 2809 at
987 2760 1077 2825 Sparta
1088 2773 1139 2809 was
1149 2759 1252 2824 playing

215 2821 278 2872 with
291 2832 318 2870 11
331 2819 438 2884 strings:
456 2791 531 2870 eis
497 2838 546 2869 των
561 2821 655 2884 ἐφόρων
664 2822 790 2886 μάχαιραν
805 2825 891 2886 λαβὼν
901 2825 1026 2888 ἠρώτησεν
1042 2826 1122 2885 αὑτὸν,
1136 2827 1164 2874 ἐκ
1179 2825 1251 2874 ποτέ-

215 2886 549 3014 ςιυζῶἱνιιιῑιρέιξζῗτοτέμιι
568 2887 613 2936 τὰς
631 2887 729 2937 πλείονι
747 2887 797 2937 τῶν
814 2889 880 2938 ἑπτὰ
895 2889 996 2954 χορδῶι.
1039 2889 1174 2952 (Plutarch,
1189 2891 1249 2940 Luc.

231 2969 261 3003 ns

280 3019 300 3078 5.
315 3016 357 3066 4⁰.
392 3015 535 3078 respondit.
582 3031 613 3066 se.
638 3016 764 3078 involo
810 3019 919 3070 Turneb.
945 3035 1075 3100 compares
1097 3018 1249 3084 Xenophon,

215 3084 255 3133 M.
270 3084 296 3132 S.
310 3081 387 3144 ἡγὰρ
397 3083 477 3131 Πυθία
488 3081 551 3142 νόμῳ
560 3081 654 3132 πόλεως
665 3083 757 3146 ἀναιρεῖ
766 3085 1006 3148 ποιοῦιιιιεύσεβῶι
1016 3085 1143 3136 duratis.

281 3146 506 3208 antiquissimum.
538 3148 878 3200 Tumeb.thmksthatth1s
893 3151 1149 3201 wordbasadouble
1167 3165 1252 3200 mean·

216 3213 261 3278 ing
270 3214 370 3264 bere=
384 3211 673 3344 “Kantantr'srimumffl
684 3229 724 3280 ep.
739 3216 820 3278 τρεσβ
801 3214 935 3277 fisticum»
946 3216 1041 3281 butep.
1055 3218 1075 3276 5.
1091 3225 1130 3278 27.

273 3281 302 3338 ·.5
316 3279 356 3328 ἢ
377 3277 411 3328 So
437 3291 505 3328 nass
541 3277 598 3328 The
665 3278 707 3344 ple
723 3280 753 3330 oi
767 3279 844 3330 Soli'
837 3295 863 3329 ιιι
876 3253 973 3342 Cilicia,
986 3281 1088 3332 whence
1099 3279 1254 3339 σολοικισμόι

220 3341 385 3395 “ιοΙειίειιι.”
429 3344 524 3394 Davies
545 3350 633 3408 quotes
616 3294 774 3408 peoQuinctil.
817 3345 891 3406 (Inrt.
925 3347 994 3396 Orat.
1019 3358 1063 3396 111.
1087 3345 1166 3407 6.‘)
1168 3346 1255 3396 ‘Sitne

216 3409 352 3472 sacrilegus,
375 3409 420 3473 qui
432 3410 565 3474 pemnsom
582 3410 711 3474 privatam
728 3426 756 3460 ιι
774 3411 860 3476 templo
872 3411 982 3477 fieretur
997 3410 1056 3462 cst.”
1088 3411 1146 3461 ibid
1165 3423 1203 3462 w.
1224 3423 1251 3471 2·
1266 3441 1270 3450 ·

217 3483 244 3522 v
262 3484 431 3589 “llerllluiin
466 3538 579 3605 Madvig.
601 3539 715 3590 eredidit
731 3539 784 3591 sod
808 3551 867 3592 uss
910 3541 967 3592 'Ihe
986 3541 1115 3592 Athenian
1133 3541 1253 3591 reformet

218 3603 373 3663 Κλεισθένης,
392 3604 515 3655 banished
524 3605 631 3670 tlrrough
648 3607 756 3671 Spartan
773 3607 866 3670 intrigu
866 3621 894 3656 es
910 3607 995 3667 (RC.
1010 3606 1079 3672 508ι)
1099 3607 1149 3657 and
1166 3607 1251 3656 subse·

217 3668 438 3733 quentlyrecalled
453 3670 504 3730 (see
522 3670 667 3721 Herodotus
690 3683 717 3721 v.
739 3671 779 3721 66.
800 3672 852 3722 foll.
873 3672 924 3721 and
942 3673 1011 3723 Dict
1033 3672 1121 3738 Antiq.
1141 3672 1248 3735 tribue),

217 3733 341 3798 probably
356 3739 430 3797 spent
445 3749 516 3784 some
526 3736 627 3800 portion
637 3736 667 3785 of
673 3736 713 3786 bis
723 3737 787 3786 exile
797 3744 824 3787 at
835 3738 932 3788 Samos

281 3796 430 3847 Platonem.
466 3800 534 3859 roob
550 3800 577 3848 δὲ
591 3817 664 3861 propo
665 3801 757 3863 ΰδῶριι
777 3803 832 3849 odre
849 3801 923 3864 bopo
938 3802 1034 3863 ἀγαθὸν
1053 3803 1108 3852 οὔτε
1126 3803 1181 3852 θεὸν
1197 3803 1252 3852 ἔστι

218 3865 279 3911 ποτὲ
289 3863 318 3912 τό
328 3880 359 3925 γε
370 3863 441 3924 ὀρθὸν
451 3862 573 3923 δέχεσθαι
611 3864 692 3929 (Legg.
707 3877 744 3915 lv.
709 3817 814 3927 ψγῐὰ
830 3867 881 3927 Ε).
