2754 4322
228 293 270 358 62
618 292 794 363 CICERO

225 461 327 536 negat
344 453 448 518 ullum
471 453 572 520 l'uisse
592 453 778 520 Timaeus?
823 453 875 519 M.
912 452 964 518 At
999 453 1265 538 Theophrastus,

224 563 341 621 auctor
370 556 460 621 haud
490 557 634 623 deterior
663 578 739 623 mea
764 558 899 642 quidem
929 557 1266 635 sententia—melio-
1353 635 1354 642 ἵ

225 680 295 724 rem
311 660 407 724 multi
423 661 650 727 nominant-z
672 670 936 726 commemorant
950 682 1028 726 vero
1044 662 1145 744 ipsius
1165 661 1264 739 cives,

225 764 329 826 nostri
344 763 488 840 clientes,
506 765 612 830 Locri.
658 764 726 830 Sed
742 765 811 830 sive
833 764 896 828 suit
917 765 986 830 sive
1006 784 1074 829 non
1094 765 1164 842 luit,
1180 764 1265 828 nihil

162 875 179 946 5
225 864 268 929 ad
285 885 374 930 rem:
396 865 563 949 loquimur
576 867 666 951 quod
682 868 841 933 traditum
858 876 916 934 est.

290 968 370 1034 VII.
417 969 469 1036 Sit
484 972 584 1054 igitur
597 971 661 1036 hoc
683 971 750 1035 iam
765 992 785 1036 a
800 971 961 1054 principio
976 989 1170 1054 persuasum
1185 969 1264 1034 civi-

226 1071 297 1149 bus,
320 1072 473 1139 dominos
496 1095 569 1139 esse
590 1075 740 1139 omnium
761 1095 869 1138 rerum
884 1094 924 1138 ac
940 1073 1165 1138 moderatores
1180 1073 1263 1137 deos

226 1195 340 1258 eaque,
357 1197 443 1260 quae
458 1187 622 1261 gerantur,
640 1197 754 1242 eorum
770 1178 838 1260 geri
854 1176 915 1260 [vi]
927 1177 1056 1242 dicione
1067 1197 1107 1241 ac
1117 1177 1261 1252 numine,

226 1279 428 1363 eosdemque
442 1282 569 1366 optime
584 1281 627 1345 de
642 1300 762 1364 genere
776 1279 949 1344 hominum
973 1281 1090 1345 mereri
1106 1289 1141 1346 et
1154 1279 1263 1362 qualis

164 1395 205 1446 10
225 1382 365 1467 quisque
390 1385 443 1461 sit,
468 1384 547 1467 quid
569 1392 657 1467 agat,
680 1383 761 1466 quid
777 1384 811 1447 in
826 1404 862 1448 se
877 1383 1042 1461 admittat,
1059 1405 1126 1467 qua
1141 1392 1262 1460 mente,

226 1506 292 1569 qua
307 1488 432 1571 pietate
446 1487 535 1552 colat
550 1486 733 1570 religiones,
750 1488 868 1551 intueri
884 1487 1080 1571 piorumque
1095 1495 1130 1551 et
1145 1487 1263 1570 impio·
1356 1542 1357 1564 ,

220 1610 293 1655 rum
322 1589 445 1655 habere
474 1591 644 1655 rationem.
695 1589 742 1658 16.
786 1591 851 1655 His
882 1591 969 1654 enim
999 1589 1096 1654 rebus
1126 1588 1264 1655 inbutae
1356 1577 1357 1598 i

227 1701 356 1758 mentes
378 1692 469 1757 haud
491 1713 573 1758 sane
594 1691 819 1757 abhorrebunt
840 1693 884 1758 ab
899 1693 971 1757 utili
988 1701 1046 1757 aut
1060 1713 1081 1756 a
1095 1713 1174 1757 vera
1188 1714 1263 1758 sen·

226 1795 339 1860 tentia
385 1795 476 1878 Quid
492 1806 542 1860 est
557 1797 645 1860 enim
660 1796 768 1862 verius
783 1816 884 1879 quam
896 1797 1063 1861 neminem
1078 1817 1151 1861 esse
1166 1817 1263 1879 opor·
1357 1846 1358 1878 ,

165 1910 201 1980 15
227 1906 297 1962 tere
312 1907 381 1963 tam
397 1899 499 1964 stulte
510 1899 738 1983 adrogantem,
754 1909 793 1964 ut
803 1901 837 1964 in
848 1921 884 1965 se
896 1900 1057 1965 rationem
1069 1908 1103 1964 et
1115 1908 1263 1964 mentem

227 2011 323 2085 putet
338 2003 454 2077 inesse,
470 2003 611 2068 incaelo
635 2003 826 2087 mundoque
851 2024 918 2068 non
943 2003 1064 2086 putet?
1086 2011 1146 2067 aut
1161 2011 1199 2068 ut
1213 2023 1262 2080 ea,

224 2125 313 2188 quae
337 2107 396 2171 vix
422 2127 553 2172 summa
583 2107 706 2190 ingenii
739 2105 866 2171 ratione
896 2106 1143 2189 comprehendat,
1169 2105 1264 2170 nulla

227 2210 354 2275 ratione
383 2211 507 2275 moveri
537 2210 656 2294 putet?
693 2210 803 2294 Quem
833 2231 911 2275 vero
934 2219 1098 2274 astrorum
1121 2209 1263 2287 ordines,

226 2334 327 2396 quem
343 2313 470 2379 dierum
493 2315 707 2397 noctiumque
728 2314 977 2391 vicissitudines,
994 2334 1094 2396 quem
1110 2333 1264 2377 mensum

162 2429 206 2480 20
227 2418 425 2500 temperatio
440 2438 607 2501 quemque
622 2437 669 2494 ea,
686 2437 771 2499 quae
791 2417 972 2500 gignuntur
986 2415 1081 2482 nobis
1097 2415 1139 2479 ad
1156 2415 1265 2480 fruen-

291 2647 311 2705 5.
347 2645 387 2695 15.
418 2645 549 2695 Timaeus
581 2645 620 2695 of
628 2643 831 2705 Tauromenium,
845 2644 888 2695 the
897 2644 1025 2706 historiari,
1040 2643 1107 2706 (fior.
1122 2645 1189 2696 A.C.
1204 2645 1264 2708 264)

227 2710 278 2759 and
289 2709 483 2774 Theophrastus,
498 2711 527 2759 ol
535 2710 633 2770 Eresos,
648 2709 790 2760 Aristotle’s
801 2725 933 2771 successor,
944 2726 987 2760 are
997 2711 1141 2761 mentioned
1152 2710 1226 2776 again
1237 2710 1265 2760 in

227 2775 277 2826 this
288 2776 435 2825 connection
446 2776 512 2839 Epp.
526 2776 561 2823 ad
569 2777 644 2824 Atti'c.
658 2787 696 2824 v1.
712 2775 727 2824 i.
744 2773 781 2824 18.

293 2841 331 2890 At
342 2839 545 2901 Tbeophrustus.
578 2839 889 2904 Supplyfintseaffmat
898 2839 936 2890 fro
973 2841 1015 2891 the
1026 2839 1161 2906 preceding
1171 2843 1263 2902 negat.

228 2906 299 2958 Feld.
313 2921 443 2970 compares
457 2905 503 2970 Off.
519 2917 561 2954 111.
577 2917 637 2966 2,9.
661 2907 679 2930 “
748 2910 777 2952 nt
791 2921 845 2953 eum
862 2857 968 2954 locum}
982 2908 1097 2956 Panaetio
1107 2908 1265 2970 praetermr's·

226 2989 291 3034 sum,
304 2973 348 3022 scd
360 2972 466 3021 consulto
481 2967 618 3018 relictum.'’
652 2970 695 3018 See
744 2969 826 3033 advig,
845 2970 903 3021 Fin.
919 2982 949 3020 11.
964 2969 987 3031 8,
1002 2981 1041 3035 25.
1078 2972 1116 3020 As
1132 2972 1268 3020 nominant

226 3038 311 3088 would
323 3038 354 3088 be
366 3035 440 3086 much
451 3051 520 3085 more
531 3034 636 3084 suitable
647 3034 708 3084 with
719 3035 850 3084 Zalmcum
863 3036 900 3084 lor
910 3035 943 3086 its
954 3035 1043 3100 object,
1058 3039 1269 3086 oommomorunt

227 3104 304 3168 being
314 3119 346 3154 an
357 3109 478 3169 apparent
486 3100 599 3159 antithet,
612 3099 713 3149 Editors
721 3099 784 3149 have
793 3099 855 3148 tried
864 3101 959 3151 several
970 3102 1151 3152 emendations:
1164 3101 1268 3166 Lipsius

226 3169 337 3229 melion
354 3181 416 3218 oum
426 3166 519 3216 multis
529 3165 651 3214 nominat
660 3180 668 3225 3
685 3165 779 3214 Daries
788 3165 890 3226 melior,
905 3179 967 3222 oum
978 3166 1094 3216 etmulti
1104 3165 1248 3216 nominent
1258 3182 1267 3228 ;

230 3233 321 3284 Pearce'
332 3233 479 3293 sententia,
491 3229 637 3293 (meliorem
648 3229 728 3279 multi
738 3247 769 3280 sc.
778 3231 883 3294 putant)
894 3231 1023 3280 nominat

294 3298 412 3348 clientas
449 3314 488 3363 cp.
498 3304 547 3362 pro
557 3296 662 3345 Plancio
673 3307 729 3345 XLI.
744 3305 783 3358 97.
801 3297 898 3360 “quoin
905 3298 990 3346 omnia
1001 3297 1047 3346 illa
1057 3297 1193 3360 murn'cipia
1203 3313 1271 3361 quae

228 3369 289 3412 sunt
298 3379 314 3412 a
331 3365 418 3413 Vibone
426 3363 601 3423 Brundisium,
616 3360 703 3427 infide
718 3377 770 3410 mea
786 3368 866 3411 essent.
871 3359 885 3382 ”
904 3393 906 3402 ι
919 3362 956 3410 As
972 3361 1014 3412 the
1032 3361 1115 3412 Greek
1127 3369 1202 3411 states
1213 3362 1269 3412 had

229 3427 293 3478 their
308 3429 416 3490 πρόξενοι
432 3436 458 3479 at
475 3428 582 3486 Athens,
599 3443 628 3476 so
639 3427 737 3476 various
754 3425 823 3476 cities
839 3426 890 3475 and
924 3427 1035 3478 rovinces
1052 3426 1169 3477 attached
1184 3426 1268 3477 them-

228 3493 308 3543 selves
319 3509 347 3542 as
357 3495 450 3542 clientes
460 3501 487 3544 to
498 3510 513 3543 a
520 3499 644 3557 patronus
653 3500 680 3542 at
692 3493 781 3552 Rome,
794 3508 838 3558 eg.
853 3491 915 3542 ther
935 3493 1020 3542 arcelli
1036 3509 1100 3543 were
1112 3491 1154 3542 the
1160 3494 1270 3557 patroni

228 3559 258 3609 ol
263 3557 347 3622 Sicily.
384 3559 461 3619 (Dict.
476 3559 563 3623 Antiq.
574 3559 677 3618 clim).

293 3622 450 3684 vidicione.
474 3623 553 3672 Halm
563 3623 682 3673 thinksvl
692 3639 708 3672 a
718 3622 793 3686 gloss.
807 3621 907 3672 Vahlen
915 3623 987 3672 reads
993 3622 1093 3673 iudicio
1101 3635 1133 3671 ao
1144 3621 1268 3674 numine.

228 3688 360 3740 Turnebus
371 3688 486 3746 observes
497 3688 551 3738 that
560 3688 603 3738 the
622 3697 751 3754 argument
768 3687 840 3738 bears
851 3703 866 3736 a
877 3687 985 3738 likeness
996 3695 1022 3737 to
1034 3687 1077 3738 the
1087 3688 1229 3753 proemium
1240 3689 1273 3739 ol

228 3771 277 3805 one
288 3752 317 3804 of
325 3753 367 3803 the
374 3753 501 3817 supposed
515 3754 576 3803 lnws
592 3751 621 3804 of
634 3753 761 3814 Zaleucus,
778 3752 912 3818 preserved
926 3753 960 3817 by
972 3753 1095 3804 Stobaeus
1115 3753 1202 3814 (κων.
1222 3765 1265 3805 20.

229 3819 389 3945 (xfflgznlss.
424 3881 643 3932 ratione-nulla.
683 3882 766 3932 These
777 3883 859 3932 words
870 3897 911 3931 are
922 3882 1124 3948 wantinginthe
1135 3882 1192 3932 best
1203 3895 1265 3936 MSS·

227 3950 315 4002 Cicero
326 3963 381 4000 uses
392 3947 435 3998 the
447 3962 514 3998 same
525 3955 653 4011 argument
664 3947 694 3996 de
703 3948 763 3998 Nat.
779 3948 814 4000 D.
828 3959 859 3998 11.
875 3945 913 4011 38.
928 3948 978 3997 and
989 3948 1130 3998 elsewhere.
