2818 4320
559 339 630 406 aa
658 310 917 409 LEGIBUS(
1144 357 1205 425 149

234 619 540 714 FRAGMENTA
566 647 821 716 manorum
851 647 917 714 oa
941 647 1158 716 Lamnus.

239 935 264 982 1.
310 919 514 999 Lactantius,
528 918 630 986 instit.
645 921 711 986 div.
726 922 767 987 V.
783 923 812 987 8.
844 920 941 1002 Quod
951 920 1078 1006 quidem
1096 921 1202 990 Cicero

166 1019 281 1098 vidia·
316 1021 486 1106 disputans
508 1023 594 1088 enim
621 1023 662 1088 de
687 1024 831 1108 legibus:
865 1025 959 1091 Sicut
982 1045 1057 1104 una,
1085 1025 1199 1110 inquit,

168 1123 355 1208 eademque
388 1136 506 1193 natura
532 1128 676 1194 mundus
699 1128 853 1194 omnibus
876 1129 1025 1212 partibus
1054 1129 1140 1194 inter
1164 1151 1201 1194 se

167 1230 425 1312 congruentibus
450 1229 604 1297 cohaeret
626 1251 667 1296 ac
695 1232 818 1307 nititur,
840 1232 888 1296 sic
911 1252 1027 1297 omnes
1049 1231 1201 1298 homines

168 1331 255 1396 inter
284 1353 320 1397 se
349 1342 467 1398 natura
495 1334 623 1399 confusi
652 1335 816 1418 pravitate
838 1325 1051 1422 dissentiunt,
1081 1356 1142 1400 nec
1164 1357 1201 1401 se
1246 1349 1262 1419 5
1302 1382 1305 1388 ,

168 1435 367 1519 intellegunt
388 1457 461 1502 esse
486 1439 748 1522 consanguineos
773 1441 808 1504 et
828 1438 994 1505 subiectos
1016 1438 1079 1504 sub
1100 1459 1202 1505 unam

167 1539 377 1624 eandemque
387 1540 542 1608 tutelam:
563 1542 654 1625 quod
665 1542 693 1608 si
708 1549 883 1621 teneretur,
899 1543 1037 1609 deorum
1052 1541 1201 1627 profecto

166 1643 272 1707 vitam
286 1642 438 1708 homines
452 1645 607 1710 viverent

234 1753 274 1812 2,
308 1747 512 1825 Lactantius,
542 1746 615 1812 inst.
645 1747 711 1813 div.
744 1748 769 1814 1.
800 1763 854 1815 20.
898 1749 1061 1832 Magnum
1094 1747 1202 1816 cicero

169 1848 350 1933 audaxque
374 1850 548 1916 consilium
573 1852 757 1940 suscepisse
787 1850 960 1919 Graeciam
990 1851 1079 1930 dicit,
1110 1851 1200 1936 quod
1227 1868 1267 1917 10

171 1951 373 2036 Cupidinum
397 1961 432 2020 et
456 1952 623 2019 Amorum
645 1953 820 2020 simulacra
834 1954 868 2018 in
890 1954 1073 2040 gymnasiis
1088 1974 1202 2020 conse·

168 2064 299 2120 crassen

236 2176 263 2242 3.
309 2159 514 2234 Lactantius,
530 2159 603 2226 inst.
628 2159 693 2224 div.
711 2159 776 2225 111.
796 2176 842 2244 19
889 2158 998 2240 Quam
1012 2160 1202 2226 sententiam

159 2260 276 2329 cicero
298 2263 339 2327 de
362 2262 484 2348 legibus
505 2262 554 2328 sic
576 2261 767 2346 explicavit:
797 2261 1075 2347 Gratulemurque
1096 2264 1200 2342 nobis,

69 2360 73 2368 ’
137 2407 140 2412 -
169 2367 326 2450 quoniam
351 2386 442 2432 mors
465 2375 524 2432 aut
549 2366 719 2433 meliorem
743 2365 917 2449 quamqui
940 2366 1039 2431 estin
1060 2366 1129 2432 vita
1143 2375 1202 2432 aut
1228 2380 1263 2448 15

168 2477 258 2534 certe
283 2490 351 2535 non
378 2469 576 2536 deteriorem
595 2463 833 2562 'adlaturaest
857 2477 1004 2549 statum;
1029 2490 1108 2536 nam
1130 2471 1202 2534 sine

167 2593 306 2656 corpore
331 2573 442 2638 animo
467 2573 601 2656 vigente
626 2572 739 2638 divina
766 2571 835 2638 vita
860 2579 921 2651 est,
946 2592 1045 2638 sensu
1069 2581 1202 2654 carente

168 2675 251 2741 nihil
263 2676 413 2761 prolecto
427 2683 479 2741 est
493 2675 581 2741 mali

232 2796 262 2860 4
306 2778 521 2864 Augustinus,
546 2777 587 2844 de
609 2777 668 2843 civ.
683 2777 739 2843 dei
751 2777 849 2844 XXI.
879 2794 926 2845 11.
972 2776 1061 2845 Octo
1080 2797 1201 2863 genera

168 2902 350 2967 poenarum
380 2883 415 2947 in
445 2881 574 2966 legibus
614 2901 688 2946 esse
714 2880 830 2947 scribit
859 2879 997 2961 Tullius,
1030 2881 1201 2958 damnum,
1224 2897 1267 2947 20

166 2985 306 3063 vincula,
318 2985 463 3064 verbera,
473 2985 640 3064 talionem,
653 2985 878 3070 ignominiam,
889 2985 1037 3064 exilium,
1049 2992 1201 3063 mortem,
1264 2994 1266 3000 “

168 3090 369 3155 servitutem.

233 3371 276 3424 Fr.
294 3371 317 3422 Ι.
353 3370 486 3436 Probably,
499 3386 528 3422 as
547 3369 636 3421 Feldh.
650 3374 770 3436 suggests,
784 3368 834 3420 this
850 3368 929 3421 isnot
945 3367 1053 3420 aliteral
1071 3369 1201 3436 quotation

167 3437 319 3488 {romalost
329 3452 443 3502 passage,
453 3436 617 3501 butadigest
627 3435 657 3486 ol
665 3437 686 3486 I.
702 3437 737 3496 55.
752 3446 791 3499 23.
804 3434 857 3486 foll.

234 3503 270 3554 11.
307 3503 384 3554 Some
401 3502 449 3552 ass'
504 3501 554 3552 this
572 3500 633 3566 frag.
648 3509 675 3551 to
694 3501 730 3552 11.
738 3501 765 3562 ,§.
779 3499 833 3562 285
850 3499 894 3550 but
912 3497 1001 3551 Feldh.
1015 3498 1100 3552 drinks
1111 3500 1165 3554 that
1181 3502 1202 3554 it

166 3567 277 3682 beloqqs1
282 3583 352 3684 moga
362 3583 453 3694 pqqpegr
462 3583 479 3633 y
489 3571 516 3618 to
526 3566 570 3618 the
581 3565 705 3632 Republic
716 3565 755 3627 (de
764 3566 822 3631 Rep.
837 3575 875 3616 lv.
889 3565 935 3629 4.).

279 3669 285 3683 .
341 3648 370 3683 ee
410 3669 417 3683 .
446 3669 452 3682 .
520 3648 547 3682 n.

233 3696 281 3748 IV.
317 3697 387 3748 Bake
405 3641 560 3748 tuuis41hat.
573 3695 656 3747 thisis
674 3693 886 3762 notaquotation
904 3695 968 3746 from
979 3694 1022 3746 the
1037 3696 1201 3763 delegares,

167 3764 221 3824 but,
234 3762 352 3829 possibly,
366 3762 430 3813 from
438 3763 481 3814 the
493 3762 633 3828 Republica
649 3761 679 3812 oi
688 3760 771 3812 which
781 3761 897 3826 dialogue
909 3762 945 3812 St.
961 3761 1100 3828 Augustius
1115 3763 1202 3813 makes

167 3829 281 3894 frequent
302 3843 365 3878 use:
391 3825 423 3878 in
444 3826 547 3891 legibus
567 3827 601 3878 he
621 3826 734 3892 explains
757 3826 812 3880 “in
831 3838 883 3877 xn.
906 3823 973 3878 tab.’'
1018 3826 1097 3879 Halm
1116 3839 1198 3894 comp.

168 3894 288 3956 Isidorus,
305 3893 388 3960 origg.
402 3893 434 3946 V.
448 3903 499 3958 η,
512 3892 595 3946 where
607 3891 650 3945 the
660 3907 729 3943 same
739 3906 844 3958 passage
854 3890 875 3943 is
886 3891 986 3960 quoted.
