2818 4320
514 292 850 362 narremus,
1114 266 1173 378 '87

138 473 249 537 perse
263 454 335 538 ipsa
350 455 500 522 maxima
514 466 573 522 est.
613 457 768 523 Vidimus
784 478 851 535 eos,
866 457 932 541 qui,
947 456 1010 522 nisi
1025 456 1175 522 odissent

137 559 289 641 patriam,
305 579 489 643 numquam
505 561 627 625 inimici
649 561 744 626 nobis
767 562 914 637 luissent,
930 560 1077 626 ardentis
1099 569 1173 624 tum

137 661 329 744 cupiditate,
357 671 429 727 tum
458 673 558 740 metu,
585 673 657 728 tum
684 665 895 742 conscientia,
922 664 1002 747 quid
1037 674 1175 747 agerent

138 764 242 850 modo
256 767 413 843 timentis,
430 767 574 832 vicissim
589 769 833 832 contemnentis
854 763 1037 851 religiones,
1053 767 1175 831 iudicia

137 876 295 950 perrupta
317 869 361 933 ab
386 869 491 934 isdem
517 867 697 954 [corrupta]
722 870 905 947 hominum,
929 890 997 934 non
1027 869 1172 935 deorum.
1219 880 1235 950 5

136 983 187 1052 44.
235 971 416 1054 Repriman
431 973 497 1037 iarn
513 982 611 1037 meet
634 995 700 1038 non
725 974 879 1056 insequar
905 974 1043 1056 longius,
1067 992 1174 1056 eoque

138 1073 256 1151 minus,
272 1095 339 1158 quo
354 1074 428 1158 plus
444 1096 625 1160 poenarum
640 1077 750 1141 habeo
764 1096 865 1161 quam
881 1077 991 1160 petivi.
1024 1076 1173 1142 Tantum

136 1195 262 1259 ponam
285 1176 383 1256 brevi,
406 1180 571 1263 duplicem
596 1201 739 1264 poenam
766 1201 839 1244 esse
863 1180 1008 1245 divinam
1033 1200 1175 1263 eamque

136 1289 290 1345 constare
305 1290 395 1346 etex
410 1284 573 1348 vexandis
588 1284 736 1349 vivorum
761 1284 880 1348 animis
902 1292 937 1348 et
959 1304 1003 1347 ex
1026 1283 1175 1348 calama

138 1392 353 1462 mortuorum,
383 1395 561 1452 uteorum
588 1388 730 1452 exitium
756 1395 791 1452 et
819 1387 941 1452 iudicio
965 1387 1115 1452 vivorum
1134 1394 1174 1451 'et
1200 1402 1239 1450 ro

136 1487 262 1569 gaudio
276 1489 506 1572 conprobetur.

203 1591 339 1680 XVIII.
381 1606 432 1676 45.
469 1594 554 1678 Agri
581 1603 693 1660 autem
716 1616 759 1659 ne
781 1602 1021 1670 consecrentur,
1039 1592 1170 1657 Platoni
1271 1623 1273 1630 ⁴

136 1714 255 1777 prosus
278 1695 456 1774 adsentior,
472 1698 538 1781 qui,
554 1699 583 1762 si
607 1698 708 1763 modo
731 1698 938 1782 interpretari
958 1705 1106 1780 potuero,
1121 1694 1174 1760 his

136 1796 207 1862 iere
220 1798 329 1864 verbis
343 1801 457 1866 utitur:
481 1801 612 1866 “Terra
626 1803 734 1885 igitur,
750 1811 788 1867 ut
808 1802 901 1868 iocus
921 1801 1172 1892 domiciliorum,
1318 1887 1322 1894 ι

137 1922 231 1966 sacra
260 1902 398 1967 deorum
428 1905 578 1994 omniurn
604 1914 675 1970 est:
704 1906 857 1989 quocirca
881 1924 924 1968 ne
953 1905 1027 1988 quis
1053 1905 1172 1968 iterum
1199 1915 1235 1990 15

137 2003 227 2068 idem
267 2011 467 2072 consecrato.
519 2007 651 2073 Aurum
692 2017 805 2072 autem
846 2017 881 2072 et
921 2016 1096 2091 argentum
1137 2007 1171 2071 in

203 2218 268 2281 quid
278 2222 393 2282 agerent
430 2221 518 2272 Feldb.
533 2221 637 2272 defends
647 2221 697 2272 this
705 2221 809 2286 reading
819 2221 849 2271 oi
861 2233 919 2271 uss.
934 2221 1030 2286 against
1046 2221 1088 2270 the
1105 2220 1170 2285 conj.

137 2283 168 2334 of
175 2285 292 2345 Lambin,
306 2285 435 2348 quidquid
445 2290 554 2348 agerent
566 2287 685 2352 (adopted
696 2287 730 2350 by
740 2286 819 2335 Halm
830 2287 880 2336 and
891 2286 1008 2348 Vahlen).
1046 2287 1089 2336 He
1105 2287 1174 2350 gives

137 2357 164 2400 to
176 2349 304 2400 timentes
314 2351 357 2400 the
367 2351 434 2401 force
451 2352 479 2402 oi
491 2353 633 2412 dubitantes,
648 2353 663 2402 i.
677 2368 696 2401 e.
714 2351 815 2417 “being
831 2351 858 2401 in
874 2351 926 2401 sear
941 2351 992 2400 and
1011 2351 1090 2401 doubt
1107 2351 1174 2401 what

137 2423 165 2465 to
185 2413 246 2475 do,''
262 2431 302 2480 cp.
317 2417 353 2464 ad
368 2419 420 2466 Ate.
444 2429 495 2466 ΧΠ.
519 2430 558 2479 ²4
607 2418 718 2482 “Neque
732 2419 798 2466 enim
816 2417 839 2466 ei
854 2417 928 2466 deesse
943 2416 1048 2466 volebam
1066 2423 1094 2476 et,
1114 2417 1178 2481 quid

132 2488 237 2546 possent,
259 2480 399 2532 timebam.’'
431 2481 504 2532 With
522 2480 634 2544 quiquid
651 2484 761 2543 agerent
781 2481 931 2531 “whatever
950 2481 1009 2547 they
1027 2478 1098 2543 did,”
1115 2481 1174 2545 they

137 2561 194 2595 corn
235 2546 263 2594 in
274 2547 358 2596 Pison.
372 2558 430 2598 xm.
442 2559 481 2609 99.
518 2548 543 2598 It
553 2547 600 2598 has
610 2547 694 2597 struck
705 2563 746 2596 me
758 2546 811 2597 that
822 2546 887 2609 qnid
897 2549 1007 2608 agareni
1016 2568 1043 2590 =
1055 2545 1175 2610 “fearing

137 2610 199 2661 lort
217 2611 253 2660 eir
269 2612 399 2662 condition
407 2609 450 2661 ”i
464 2629 482 2663 e.
497 2613 649 2678 wretchedly
659 2612 840 2677 apprehensive
857 2612 886 2661 oi
899 2611 982 2662 death.
1008 2627 1046 2677 cp.
1061 2613 1126 2677 Epp.
1141 2613 1177 2660 ad

137 2677 338 2791 Attiy.”1x.xrii.
353 2689 376 2728 2.
415 2678 533 2728 “Adam
546 2679 612 2727 enim
628 2679 677 2743 ipre
697 2677 755 2727 Tiro
770 2678 806 2727 ito
821 2678 924 2741 scripsit,
943 2684 973 2726 ut
988 2690 1092 2738 verear,
1110 2676 1175 2739 qnid

202 2807 335 2868 corrupta.
377 2807 522 2858 bracketted
541 2808 575 2873 by
593 2807 672 2858 Halm
691 2823 719 2858 as
737 2808 859 2872 spurious.
881 2809 909 2857 et
928 2809 1052 2870 oompta
1059 2807 1171 2872 Madvig.

138 2870 239 2921 Ernesti
254 2872 365 2922 remarks
384 2874 640 2938 ‘oorrupiapemma
653 2871 834 2934 portuniani!
867 2872 967 2934 Vahlen
981 2873 1053 2923 reads
1070 2885 1173 2932 oon'np·

137 2935 200 2997 tola,
214 2952 231 2985 a
246 2937 310 3000 conj.
325 2937 354 2987 of
367 2938 505 2997 Turnebus,
519 2954 559 3003 cp.
573 2939 667 2989 Parad.
681 2951 720 2988 vr.
734 2939 760 2988 ii.
774 2938 814 3000 46.
850 2937 907 2988 The
923 2938 1029 2989 allusion
1047 2938 1068 2986 is
1087 2946 1114 2987 to
1132 2937 1174 2986 the

137 3001 257 3078 acquittal
273 3002 303 3052 ol'
317 3002 428 3064 Clodius,
442 3003 468 3053 in
484 3003 527 3053 the
543 3011 633 3054 matter
643 3003 672 3055 of
684 3003 727 3054 the
739 3005 810 3054 Bona
822 3005 878 3054 Dea
890 3004 920 3064 (fi.
935 3002 986 3066 36),
1000 3017 1039 3068 cp.
1053 3003 1089 3050 ad
1096 3002 1171 3051 Attx'c.

138 3078 157 3117 1.
170 3083 220 3117 XVI.
237 3080 274 3117 10.

202 3134 222 3193 5.
233 3133 275 3182 44.
287 3131 398 3183 lamma.
419 3144 476 3182 Mss.
487 3132 549 3183 omit
555 3146 605 3184 ma.
620 3133 708 3184 Feldb.
721 3133 824 3185 defends
830 3131 872 3183 the
880 3131 1012 3193 omission;
1023 3131 1056 3181 be
1062 3130 1175 3196 explains

141 3197 196 3246 “sa
212 3214 256 3258 res,
269 3214 332 3263 quas
344 3199 444 3248 Clodius
456 3199 497 3248 vel
506 3201 580 3264 gessit
592 3200 631 3249 vel
641 3207 767 3264 perpessm
775 3198 834 3250 est.¹’
846 3214 886 3263 cp.
900 3199 993 3262 Philip.
1008 3208 1039 3246 11.
1053 3196 1069 3246 i.
1087 3197 1175 3246 “miln

132 3269 266 3326 panarum
277 3263 317 3312 illi
320 3264 382 3327 plus
391 3279 467 3328 quam
478 3272 583 3328 optarem
594 3262 736 3314 dedmnt.’¹

202 3340 300 3388 ponam
309 3328 392 3378 brevi.
412 3340 470 3378 uss.
484 3329 661 3390 posnamerabi
672 3330 774 3379 whence
785 3327 894 3378 Lambin
903 3325 968 3391 oonj.
981 3339 1079 3388 ponam
1085 3326 1161 3376 bravi
1166 3345 1175 3388 ;

137 3391 189 3442 and
200 3393 309 3443 Turneb.
326 3395 449 3455 “ponam
460 3394 518 3444 arui
530 3395 556 3455 (i.
570 3411 588 3444 e.
603 3395 671 3444 educi
679 3401 702 3444 et
710 3391 827 3459 coliger’

203 3456 323 3508 divinam
341 3472 459 3521 eamque.
496 3459 575 3510 Halm
593 3460 657 3509 after
674 3459 797 3524 Madvig:
820 3469 878 3507 uss.
892 3455 957 3507 have
967 3455 1087 3506 divinam
1106 3457 1176 3520 qnod

137 3524 272 3573 oonataret
283 3526 376 3574 ex-et
386 3537 419 3574 oo
428 3523 508 3575 rama
544 3525 652 3584 Vahlen,
665 3525 728 3573 alter
739 3524 843 3583 Gdrenz,
857 3523 929 3573 reads
940 3521 1010 3584 qnod
1017 3525 1121 3573 oonatst
1131 3536 1172 3573 ox.

203 3588 369 3638 exeafama
404 3590 515 3641 Daries:
534 3601 592 3640 uss,
606 3589 668 3639 omit
684 3602 724 3638 ex.
762 3589 850 3648 Halm,
864 3587 1052 3648 afterLarnbin,
1067 3588 1175 3651 changes

137 3666 171 3703 aa
181 3653 235 3703 into
246 3666 298 3713 οη
315 3653 397 3705 Feldh
408 3653 510 3733 defends
522 3655 565 3705 the
577 3655 697 3705 omission
714 3653 743 3704 ol
756 3653 799 3704 me
816 3653 987 3719 preposition;
1009 3653 1061 3716 but,
1082 3654 1109 3703 in
1125 3668 1175 3717 any

137 3720 446 3843 “affigemlllbotohelr
477 3721 605 3851 ugllgldlxn.
624 3794 681 3850 955.
701 3785 729 3836 ll.
748 3786 783 3848 γῆ
802 3769 1039 3845 birodidedun
1062 3782 1175 3843 οἰκήσεως

137 3849 190 3912 ἱερὰ
200 3850 263 3898 πᾶσι
275 3850 372 3899 πάντων
382 3851 448 3901 θεῶν.
