2754 4322
222 317 264 379 42
624 301 799 371 CICERO

223 469 257 525 et
281 460 425 526 stultitia
450 462 516 526 dici
542 463 680 547 potest?
703 461 793 546 Quid
821 462 924 548 ergo?
946 483 1013 548 eos,
1039 461 1096 545 qui
1122 459 1266 544 singulis
1353 463 1354 506 l

220 565 310 630 vitiis
351 565 521 629 excellunt
551 575 609 630 aut
639 567 740 630 etiam
771 566 928 650 pluribus,
959 574 1095 649 propter
1135 565 1266 628 damna
1353 551 1354 562 ¹

224 677 283 732 aut
322 667 522 734 detrimenta
553 677 612 734 aut
650 671 813 736 cruciatus
842 670 971 753 aliquos
1012 670 1148 733 miseros
1189 689 1268 732 esse
1353 683 1354 746 ᾗ

223 770 363 835 dicimus
399 793 441 835 an
472 782 609 856 propter
644 774 711 837 vim
741 773 1050 857 turpitudinemque
1078 771 1291 836 vitiorumi*

180 886 196 954 5
222 875 312 956 quod
353 875 434 938 item
464 876 507 938 ad
537 877 736 940 contrariam
776 876 910 940 laudem
940 877 973 939 in
1008 876 1163 940 virtutem
1194 873 1265 936 dici

220 986 340 1060 potest.
402 989 454 1058 52.
513 979 693 1056 Postremo,
724 979 752 1044 si
782 988 918 1063 propter
956 978 1037 1042 alias
1067 998 1119 1041 res
1154 978 1264 1041 virtus

221 1082 399 1164 expetitur,
427 1081 544 1145 melius
571 1104 644 1147 esse
665 1082 790 1167 aliquid
818 1103 919 1166 quam
942 1082 1097 1146 virtutem
1125 1101 1265 1144 necesse

221 1192 279 1248 est
341 1185 561 1249 Pecuniamne
591 1187 692 1268 igitur
720 1205 763 1248 an
798 1185 941 1249 honores
971 1206 1013 1248 an
1043 1184 1185 1249 formam
1214 1204 1263 1247 an
1353 1173 1354 1190 ¹

220 1287 471 1353 valetudinem?
493 1310 579 1372 quae
608 1298 650 1364 et,
667 1308 743 1352 cum
770 1288 900 1364 adsunt,
916 1308 976 1371 per
998 1308 1032 1351 se
1044 1308 1146 1371 parva
1170 1296 1261 1363 sunt,

161 1408 200 1455 10
221 1400 264 1468 et,
295 1413 396 1475 quam
426 1393 483 1456 diu
514 1392 668 1455 adfutura
697 1391 772 1468 sint,
805 1400 894 1456 certe
923 1392 997 1455 sciri
1028 1390 1119 1455 nullo
1157 1391 1264 1454 modo

220 1503 355 1579 potest:
378 1517 430 1570 an,
446 1495 479 1559 id
496 1494 587 1578 quod
603 1493 830 1577 turpissimum
846 1495 937 1558 dictu
953 1504 1012 1571 est,
1028 1492 1264 1576 voluptatem?

219 1597 271 1661 At
295 1600 329 1662 in
352 1619 392 1662 ea
417 1597 552 1680 quidem
575 1596 762 1680 spernenda
788 1606 822 1661 et
847 1597 1053 1681 repudianda
1078 1597 1181 1661 virtus
1206 1595 1263 1660 vel

222 1702 371 1764 maxime
386 1701 536 1764 cernitur.

317 1804 384 1869 Sed
421 1802 584 1867 videtisne
621 1811 748 1886 quanta
785 1804 885 1868 series
925 1823 1034 1874 rerum
1080 1802 1263 1867 sententia-

161 1919 195 1986 15
221 1925 362 1989 rumque
391 1906 434 1970 sit
464 1915 565 1989 atque
595 1915 632 1970 ut
662 1927 707 1969 ex
736 1905 802 1971 alio
832 1907 896 1970 alia
934 1907 1131 1971 nectantur?
1169 1906 1262 1989 Quin

221 2008 358 2073 labebar
382 2009 521 2092 longius,
549 2009 610 2073 nisi
638 2030 692 2073 me
718 2010 934 2074 retinuissem.
981 2011 1058 2074 XX.
1105 2009 1142 2088 Q.
1182 2009 1263 2092 Quo
1353 2019 1354 2024 ’

219 2111 381 2176 tandem?
403 2110 544 2176 libenter
558 2113 656 2188 enim,
673 2112 780 2188 frater,
797 2133 873 2177 cum
896 2113 960 2177 ista
978 2113 1127 2177 oratione
1147 2125 1262 2176 tecum

220 2214 416 2299 prolaberer.
469 2215 520 2278 M.
558 2214 617 2278 Ad
647 2214 748 2278 finem
778 2214 951 2292 bonorum,
982 2237 1049 2299 quo
1076 2215 1264 2280 reseruntur

221 2328 255 2384 et
270 2320 389 2402 quoius
404 2319 574 2402 apiscendi
589 2339 690 2382 causa
704 2327 783 2383 sunt
807 2318 958 2383 iacienda
984 2320 1105 2396 omnia,
1128 2330 1262 2384 contro-

157 2438 199 2505 29
220 2443 349 2486 versam
380 2442 450 2486 rem
480 2430 514 2485 et
540 2420 674 2505 plenam
697 2421 910 2486 dissensionis
933 2423 1018 2486 inter
1039 2423 1262 2502 doctissimos,

287 2713 322 2763 ad
343 2713 512 2770 annuariam.
550 2715 659 2764 “which
675 2715 729 2765 also
746 2731 794 2765 ean
816 2715 848 2766 be
870 2717 931 2778 said,
957 2725 984 2768 to
1006 2718 1037 2768 its
1058 2719 1138 2784 praise
1160 2736 1193 2770 on
1217 2720 1262 2771 the

221 2786 343 2844 contrary,
368 2778 430 2827 with
452 2783 548 2844 respect
570 2788 597 2830 to
618 2778 725 2830 virtue.”
758 2780 828 2830 Bake
845 2783 917 2831 reads
934 2781 965 2832 in
981 2783 1083 2834 virtute
1103 2786 1121 2810 “
1129 2785 1146 2835 i.
1164 2801 1183 2836 e.
1203 2803 1261 2835 cum

221 2846 307 2911 agitur
315 2845 345 2892 de
353 2841 468 2892 virtutc.'’

209 2973 247 3026 'A
285 2907 541 3025 §.ssdzNPloptnema
560 2907 592 2959 ni.
628 2908 781 2960 Bakereads
796 2912 867 2961 Nam
878 2913 907 2962 si.
945 2913 996 2963 For
1007 2913 1049 2964 the
1067 2921 1197 2980 argument
1216 2932 1258 2982 cp.

248 2976 307 3026 risto
329 2991 350 3036 e,
392 3010 399 3024 .
442 2985 482 3023 .1.
498 2982 520 3038 5.

285 3039 473 3091 Pecuniamne.
510 3039 659 3090 Accusative
676 3039 710 3104 by
727 3041 858 3092 attraction
874 3049 901 3093 to
921 3042 963 3100 the
999 3044 1115 3110 receding
1133 3055 1259 3098 sentence.

222 3107 327 3172 Madvig
339 3106 384 3167 (ad
391 3106 450 3154 Fin.
465 3116 496 3154 11.
511 3113 551 3167 27.
565 3102 618 3165 88.)
630 3113 717 3168 quotes
728 3107 763 3156 Ν.
773 3107 809 3156 D.
824 3119 842 3156 1.
858 3120 897 3170 29.
911 3106 963 3168 82.,
976 3059 1047 3174 hivy,
1061 3123 1087 3160 v,
1103 3120 1142 3175 35.

182 3233 184 3238 Ι
286 3183 473 3233 peraeparva.
510 3169 597 3219 Halm.
618 3181 676 3220 MSS.
695 3170 905 3233 haveporparva
941 3173 1041 3225 Vahlen
1053 3175 1261 3240 prefersoertunt

222 3235 287 3285 seiri
298 3235 327 3285 os
335 3248 393 3286 uss.
408 3237 548 3286 tooertes.
562 3236 727 3300 cp.adFam.
743 3247 781 3286 rx.
796 3250 819 3299 9.
836 3251 857 3287 1.

288 3299 605 3351 labebnr...retinuiaeem.
642 3301 753 3366 Perhaps
769 3300 812 3352 the
828 3303 883 3353 best
901 3303 1061 3368 explanation
1081 3305 1110 3356 of
1122 3307 1184 3357 such
1202 3322 1262 3356 con·

221 3366 353 3416 structione
364 3366 385 3416 is
402 3366 456 3416 that
466 3367 526 3430 they
536 3381 578 3416 are
595 3365 714 3431 elliptical
730 3367 747 3416 i.
756 3383 774 3417 e.
792 3367 924 3419 “lababat
941 3371 973 3431 (a
987 3371 1071 3434 lapsus
1086 3374 1166 3432 esen)
1177 3371 1261 3423 Μ’·

222 3431 279 3480 The
290 3431 366 3480 result
377 3431 424 3480 isa
440 3447 509 3482 more
520 3431 623 3496 graphic
634 3431 684 3481 and
702 3431 770 3481 vivid
781 3433 933 3498 description
949 3450 988 3500 cp.
1004 3435 1112 3498 Horace,
1128 3437 1204 3498 odes,
1226 3450 1257 3489 11.

225 3506 262 3557 17.
276 3505 316 3558 27.
353 3495 423 3546 Balce
444 3512 572 3577 compares
588 3512 604 3546 a
620 3496 715 3546 similar
724 3497 845 3548 omission
864 3499 893 3549 ol
905 3501 934 3548 dr
952 3501 979 3548 in
999 3501 1083 3552 Greek
1101 3519 1153 3567 ag.
1176 3502 1257 3565 Plato,

221 3559 445 3675 Symffioiptf.
466 3562 804 3690 Bthgsmilshhlh‘vtgodhod
821 3627 903 3677 istam
922 3629 959 3690 (in
978 3645 1010 3680 an
1026 3633 1141 3694 erasure).
1179 3632 1260 3683 Halm

222 3691 308 3742 thinks
336 3690 390 3740 that
411 3691 552 3756 something
579 3692 631 3741 like
647 3693 747 3742 attinet
766 3693 811 3743 has
834 3694 898 3744 been
920 3696 1033 3746 omitted.
1087 3698 1178 3748 Others
1200 3701 1259 3750 read

222 3757 257 3807 ad
272 3757 361 3815 istam,
384 3755 503 3819 referring
517 3755 665 3806 orationem
676 3765 702 3806 to
713 3757 756 3807 the
770 3759 907 3808 discussion
918 3761 948 3808 de
954 3760 1071 3824 finibus:
1094 3763 1128 3811 du
1147 3763 1261 3814 Mesnil’s

221 3822 446 3886 conjecture—qno
456 3819 511 3868 itta
521 3820 641 3870 matrone
651 3821 750 3882 unns,
761 3823 927 3872 tecum—has
938 3834 1007 3888 great
1018 3827 1177 3891 probability.
