2818 4320
546 314 866 385 unisonus
1130 332 1190 400 109

155 471 191 536 in
217 471 257 538 iis
271 473 383 552 etiam,
398 475 455 560 qui
474 495 562 544 nunc
588 485 736 561 regnant,
752 484 874 544 manet.
919 475 1050 562 Quibus
1074 486 1187 544 autem

153 576 247 658 regia
275 586 424 660 potestas
453 599 521 644 non
550 578 692 665 placuit'
713 602 781 646 non
810 582 833 646 ii
862 582 995 660 nemini,
1024 581 1084 648 sed
1120 601 1190 647 non

153 698 288 762 semper
320 683 377 746 uni
407 702 523 766 parere
546 682 731 750 voluerunt.
775 685 849 749 Nos
877 693 999 764 autem,
1029 685 1187 768 quoniam

153 779 246 864 leges
275 781 395 850 damus
424 784 534 851 liberis
562 787 704 871 populis,
734 807 887 872 quaeque
915 788 959 852 de
987 789 1115 872 optima
1152 807 1189 852 re

155 883 289 968 publica
311 888 516 967 sentiremus,
532 889 566 954 in
591 910 654 954 sex
668 889 759 955 libris
773 899 853 955 ante
877 890 1033 967 diximus,
1059 911 1189 956 accom·
1233 903 1249 974 ς

154 986 367 1055 modabimus
394 990 460 1057 hoc
488 1000 639 1077 tempore
667 992 758 1077 leges
787 993 831 1058 ad
856 992 958 1071 illurn,
983 1014 1083 1077 quem
1112 1015 1189 1078 pro-

153 1089 282 1169 bamus,
297 1094 439 1160 civitatis
453 1104 587 1162 statum.
646 1104 676 1176 5.
722 1096 971 1180 Magistratibus
989 1097 1090 1180 igitur
1103 1118 1188 1181 opus

153 1201 215 1271 es't,
230 1195 302 1260 sine
315 1216 457 1280 quorum
471 1197 647 1283 prudentia
662 1219 702 1264 ae
716 1198 887 1283 diligentia
902 1220 974 1264 esse
988 1200 1104 1264 civitas
1119 1220 1187 1266 non

152 1305 275 1380 potest,
314 1320 521 1385 quorumque
559 1302 772 1385 discriptione
808 1302 917 1366 omnis
957 1303 1002 1366 rei
1034 1302 1187 1386 publicae

153 1400 339 1467 moderatio
361 1405 556 1470 continetur.
600 1406 720 1491 Neque
734 1405 842 1471 solum
863 1405 902 1470 iis
917 1405 1187 1490 praescribendus
1213 1421 1254 1471 10

152 1512 207 1568 est
231 1505 424 1590 imperandi,
440 1507 500 1574 sed
516 1509 617 1573 etiam
643 1508 768 1576 civibus
790 1508 1043 1594 optemperandi
1059 1508 1186 1576 modus.

151 1607 245 1672 Nam
269 1618 303 1675 et
328 1610 384 1693 qui
410 1610 496 1676 bene
520 1613 662 1696 imperat
685 1613 830 1696 paruerit
853 1612 1032 1696 aliquando
1053 1632 1187 1680 necesse

152 1719 214 1786 est,
230 1720 265 1776 et
290 1715 346 1796 qui
362 1715 513 1780 modeste
527 1724 623 1799 paret
636 1716 768 1781 videtur
781 1716 838 1799 qui
853 1714 1032 1800 aliquando
1046 1717 1187 1801 imperet

152 1813 274 1898 dignus
298 1837 378 1882 esse.
424 1818 544 1902 Itaque
569 1827 702 1902 oportet
715 1827 750 1884 et
764 1839 850 1896 eum,
866 1820 923 1902 qui
937 1827 1041 1902 paret,
1055 1833 1188 1903 sperare

77 1993 81 2000 ,
151 1937 191 1982 se
213 1918 325 2002 aliquo
350 1929 501 2005 tempore
525 1922 762 2007 imperaturum
778 1931 812 1987 et
838 1922 940 2000 illum,
956 1921 1014 2006 qui
1035 1923 1185 2008 imperat,
1213 1936 1248 2005 ις

153 2021 300 2104 cogitare
325 2023 415 2089 brevi
429 2033 580 2108 tempore
605 2024 667 2090 sibi
682 2045 755 2089 esse
780 2025 972 2108 parendum.
1016 2025 1090 2091 Nec
1110 2043 1187 2091 vero

151 2124 262 2189 solum
286 2134 324 2192 ut
338 2135 569 2211 optemperent
594 2127 840 2211 oboediantque
856 2128 1112 2211 magistratibus,
1126 2128 1186 2193 sed

151 2228 255 2292 etiam
292 2237 330 2294 ut
365 2250 423 2296 eos
459 2230 571 2296 colant
607 2230 813 2314 diligantque
849 2231 1109 2314 praescribimus,
1147 2239 1186 2296 ut

152 2329 348 2398 Charondas
377 2327 411 2398 in
439 2335 507 2398 suis
536 2333 615 2400 iacit
643 2333 780 2417 legibus.
838 2334 964 2399 Noster
986 2353 1065 2398 vero
1090 2333 1186 2398 Plato

150 2433 312 2500 Titanum
338 2458 357 2501 e
381 2458 502 2520 genere
526 2437 644 2502 statuit
670 2457 736 2514 eos,
759 2436 816 2520 qui
839 2445 877 2501 ut
898 2436 944 2500 illi
978 2435 1184 2515 caelestibus,
1208 2452 1251 2502 ιο

149 2536 199 2602 sic
224 2536 258 2602 hi
284 2538 499 2606 adversentur
522 2540 777 2623 magistratibus.
822 2538 919 2623 Quae
941 2560 1017 2604 cum
1040 2540 1087 2604 ita
1108 2541 1184 2618 sint,

150 2641 197 2706 ad
212 2643 300 2725 ipsas
315 2643 382 2707 iam
396 2642 487 2727 leges
500 2644 682 2722 veniamus,
698 2644 726 2708 si
741 2641 859 2726 placet.
914 2640 945 2709 6.
989 2641 1062 2709 Att.
1099 2643 1184 2708 Mihi

139 2733 230 2811 iero
245 2754 280 2810 et
293 2746 382 2811 istud
398 2755 433 2811 et
446 2746 529 2811 ordo
545 2746 608 2810 iste
623 2766 731 2810 rerum
746 2746 865 2830 placet.

216 3027 236 3087 5.
252 3025 276 3078 5.
312 3025 520 3088 Hagmatana
558 3025 677 3077 Imitated
696 3025 760 3076 from
782 3024 888 3076 Aristot.
916 3026 970 3077 Pol.
995 3037 1046 3076 vu.
1072 3026 1134 3087 (vl.)
1156 3023 1182 3076 8.

151 3091 345 3142 ἀκόλουθον-τὸ
356 3093 483 3155 διῃρῆσθαι
494 3093 574 3142 καλῶς
584 3092 617 3140 τὰ
627 3092 682 3154 περὶ
693 3091 737 3141 τὰς
753 3091 911 3154 ἀρχαι-τῶν
926 3091 1029 3153 μὲνγὰρ
1047 3090 1186 3152 ἀναγκαίων

151 3157 236 3220 ἀρχαι
245 3158 318 3220 χωρὶς
328 3158 445 3208 ἀδύνατον
455 3158 514 3206 εῖναι
525 3157 629 3206 τόλινιι.
643 3175 666 3206 τ.
677 3159 701 3206 λ.
723 3156 822 3206 Vanlen
829 3157 921 3208 retains
928 3168 985 3205 uss
995 3155 1183 3216 dumnacum

150 3224 197 3274 but
216 3223 258 3272 the
280 3223 397 3287 meaning
419 3223 557 3284 (ordinatio,
583 3223 612 3271 ιἰι
628 3237 687 3270 mas
702 3221 787 3270 classes
797 3222 906 3281 reductio
926 3221 959 3270 W
959 3220 1067 3285 yttenb.)
1084 3221 1135 3270 and
1150 3220 1184 3272 its

149 3295 273 3352 apparent
283 3303 313 3338 co
314 3287 493 3418 rresdpondence¹
504 3288 565 3338 with
576 3288 711 3350 διῃρῆσθαι,
725 3286 797 3350 point
807 3293 834 3336 to
845 3285 887 3336 the
897 3237 975 3335 formy
971 3286 1042 3334 discr.
1056 3286 1077 3345 5.
1093 3295 1115 3347 7.
1129 3302 1156 3337 ιι.

216 3352 326 3402 civibus.
415 3353 463 3402 nds
483 3367 517 3402 on
537 3351 829 3416 ριιιοιιαιίὶιοιιᾱνιι.αρ
864 3352 916 3399 “ut
934 3357 1032 3414 ομνια).
1036 3351 1184 3414 -praesm'·

148 3416 256 3470 bimusss’
289 3417 361 3468 With
379 3419 428 3468 this
446 3413 550 3483 passage
570 3418 636 3467 Edd.
657 3431 773 3480 compare
793 3367 897 3466 Aristot.
918 3416 971 3466 Pol.
993 3417 1180 3479 1v.(vu.)14.

74 3519 77 3522 -
147 3483 230 3533 τόντε
245 3483 295 3546 γὰρ
310 3484 433 3543 μέλλοντα
452 3485 532 3533 καλῶς
543 3484 627 3547 ἄρχειν
645 3481 765 3545 ἀρχθῆναί
780 3487 842 3543 φασι
859 3481 909 3529 δεῖν
925 3479 1029 3544 πρῶτον.
1063 3481 1126 3532 Ibr'd.
1149 3493 1181 3534 11.

147 3561 189 3611 ²⁸,
201 3549 367 3614 Plato'g·
216 3547 538 3666 ohmfndawsiddaeffs
553 3613 641 3676 (Serra.
656 3623 725 3662 xn11.
739 3610 967 3677 290.)quotesthis
977 3610 1034 3662 law.
1070 3611 1181 3662 Tumeb.

135 3681 371 3794 18801’ἰ“ί8ιιιιιιιιιιη’
382 3744 463 3804 Plato,
476 3745 548 3809 Lag.
563 3754 607 3792 111.
622 3750 678 3803 701.
692 3741 722 3792 C.
758 3741 814 3792 The
824 3741 1011 3803 redundamus
1025 3741 1133 3794 mserted
1144 3741 1183 3792 sor

148 3809 193 3861 the
213 3809 274 3860 sake
284 3809 315 3860 oi
328 3808 461 3876 balancing
479 3759 528 3860 ιιιιν
594 3822 723 3859 causam
741 3808 905 3859 anacoluthon
915 3809 975 3870 (See
995 3808 1082 3860 Madv.
1102 3807 1134 3860 L.
1151 3807 1180 3860 G

148 3873 265 3938 §...489)
