2818 4320
145 309 149 319 '
232 319 276 386 90
622 305 798 374 CICERO

231 473 270 530 nt
284 475 518 532 conserventur
531 487 663 551 semper
682 475 717 532 et
739 467 895 550 deinceps
918 465 1051 532 lamiliis
1074 465 1268 554 prodantur,

231 575 274 645 et,
290 577 328 632 nt
348 569 382 632 in
402 569 476 652 lege
498 571 602 652 posui,
626 578 786 654 perpetua
806 571 873 634 sint
889 568 1033 654 [sacra]?
1097 574 1147 655 48t
1193 568 1267 632 Ex·

233 672 341 754 posite
363 671 446 737 haec
468 673 539 736 iura
561 673 755 756 pontificum
771 674 969 738 auctoritate
984 680 1163 737 consecuta
1178 679 1266 748 sunt,

232 783 270 838 nt
286 794 328 838 ne
343 784 449 840 morte
464 777 567 859 patris
582 775 723 841 familias
738 796 905 841 sacrorum
922 777 1081 841 memoria
1092 775 1266 850 occideret,

192 889 209 958 5
235 877 274 941 iis
299 887 410 943 essent
424 900 464 943 ea
479 879 643 956 adiuncta,
660 881 703 943 ad
719 900 803 963 quos
823 879 972 944 eiusdem
996 865 1103 944 morte
1127 879 1269 962 pecunia

233 983 369 1046 venerit.
416 981 493 1046 Hoc
522 1003 590 1047 uno
619 984 738 1066 posito,
768 984 858 1067 quod
888 992 940 1048 est
968 983 1012 1046 ad
1042 983 1267 1066 cognitionem

232 1083 428 1167 disciplinae
475 1087 564 1163 satis,
613 1085 864 1150 innumerabilia
912 1093 1099 1162 nascuntur,
1147 1085 1268 1168 quibus

234 1186 414 1270 implentur
447 1188 524 1252 iuris
561 1187 787 1253 consultorum
817 1188 890 1252 libri
902 1208 911 1268 ;
947 1197 1150 1272 quaeruntur
1178 1188 1267 1251 enim

233 1290 289 1372 qui
319 1290 568 1374 adstringantur
597 1292 705 1356 sacris.
752 1291 926 1356 Heredum
956 1312 1057 1356 causa
1090 1292 1269 1356 iustissima

173 1407 213 1457 10
233 1401 306 1472 est;
328 1392 419 1458 nulla
434 1402 485 1458 est
500 1395 591 1457 enim·
604 1413 754 1477 persona,
770 1415 856 1477 quae
871 1394 914 1458 ad
936 1394 1043 1459 vicem
1066 1394 1146 1472 eius,
1167 1395 1226 1477 qui
1250 1414 1270 1457 e

232 1496 303 1561 vita
332 1496 508 1579 emigrarit,
539 1498 674 1580 propius
703 1497 849 1562 accedat.
894 1497 1034 1575 Deinde,
1070 1498 1126 1580 qui
1162 1505 1270 1561 morte

233 1606 476 1663 testamentove
510 1599 580 1663 eius
606 1600 805 1664 tantundem
829 1599 939 1683 capiat
964 1609 1126 1683 quantum
1152 1620 1270 1664 omnes

230 1701 377 1766 heredes.
424 1701 464 1765 ld
480 1723 612 1785 quoque
627 1704 742 1767 ordine
755 1723 763 1782 3
789 1711 841 1767 est
855 1704 944 1767 enim
968 1704 1011 1767 ad
1026 1703 1070 1780 id,
1086 1702 1177 1786 quod
1192 1723 1269 1786 pro-

232 1805 378 1887 positum
401 1813 460 1882 est,
476 1805 780 1871 adcommodatum.
825 1805 941 1871 Tertio
956 1806 1038 1882 loco,
1053 1807 1081 1870 si
1104 1826 1204 1869 nemo
1226 1806 1270 1870 sit

173 1919 209 1988 15
233 1906 338 1982 heres,
355 1907 390 1984 is,
407 1909 463 1991 qui
479 1909 521 1972 de
537 1909 641 1985 bonis,
658 1931 744 1993 quae
759 1911 829 1974 eius
851 1910 981 1987 fuerint,
997 1930 1098 1993 quom
1121 1911 1269 1986 moritur,

234 2031 296 2075 usu
311 2013 436 2094 ceperit
450 2011 628 2095 plurimum
644 2013 854 2096 possidendo,
900 2011 1030 2096 Quarto
1044 2014 1110 2096 qui,
1125 2013 1153 2078 si
1168 2033 1269 2076 nemo

296 2289 549 2353 demoepsfamiliia
580 2307 618 2356 cp.
634 2303 677 2342 111.
691 2293 711 2352 ἓ.
725 2305 749 2354 4
764 2308 789 2342 n.
827 2291 906 2342 Halm
917 2291 1200 2357 thinkseaaraagloss.

297 2358 317 2417 ᾖ.
332 2357 374 2407 48.
399 2356 659 2418 exposite-venerit
691 2357 770 2406 Halm
786 2357 836 2406 and
848 2357 936 2407 Feldh.
950 2357 1053 2408 bracket
1064 2357 1114 2408 this
1125 2373 1231 2422 passage
1241 2373 1269 2408 as

233 2421 354 2498 spurious.
390 2422 489 2472 Vahlen
505 2421 608 2514 defends
625 2422 651 2482 it,
666 2437 699 2472 on
711 2422 753 2472 the
769 2423 865 2509 groynd
877 2423 931 2493 that
946 2423 966 2473 it
977 2422 1150 2514 islmap‘ilestly
1160 2422 1270 2473 referred

233 2488 678 2616 {labarbaram
687 2489 1037 2614 mrihffll
1079 2503 1105 2538 ¹¹¹
1123 2487 1166 2538 ‘¹¹‘
1182 2503 1270 2571 Μ

297 2619 469 2676 quaeruntur.
488 2617 566 2666 Halm
580 2617 669 2682 adopts
681 2615 781 2667 Davies’
793 2617 857 2682 conj.
871 2618 1023 2680 quaeritur:
1040 2617 1140 2669 Vahlen
1147 2634 1230 2684 comp.
1246 2630 1265 2670 1.

233 2680 249 2732 i.
263 2693 288 2743 4.
304 2681 409 2730 “multa
419 2688 575 2744 quaerantur
581 2680 608 2741 ,·”
620 2683 649 2731 de
661 2683 730 2731 Orat.
745 2683 781 2732 ΙΙ.
795 2682 869 2732 xxxii.
887 2693 940 2746 137.

298 2743 432 2794 Heredum
454 2759 540 2795 cansa
580 2747 621 2796 “i.
635 2763 653 2811 a.
678 2748 839 2796 immamum
860 2755 894 2797 ert
913 2748 1007 2798 heredes
1027 2749 1135 2814 astringi
1155 2745 1260 2798 sacris.”

233 2810 343 2860 Tumeb.
357 2809 440 2872 These
451 2810 601 2874 obligations
612 2827 677 2860 were
688 2811 830 2862 sometimes
838 2829 897 2878 very
905 2813 1087 2864 burdensome:
1103 2830 1142 2879 cp.
1155 2815 1266 2874 Plautus,

238 2877 379 2926 Trinumm.
403 2887 434 2924 11.
454 2874 486 2924 iv.
509 2874 548 2938 83.
588 2877 697 2936 ‘'Cana,
719 2877 767 2926 hac
784 2893 894 2938 annana,
913 2879 1015 2928 estsine
1029 2881 1106 2928 sacris
1123 2877 1269 2930 hereditas.’'

237 2942 288 2990 “A
299 2940 394 3000 dinner,
409 2940 478 2990 these
489 2940 550 2989 deur
560 2940 641 3001 times,
655 2941 676 2990 is
687 2957 714 2991 as
725 2943 792 3004 good
803 2957 830 2991 as
841 2958 873 2992 an
885 2943 1037 2994 inheritance
1052 2945 1158 2994 without
1168 2960 1269 2994 encam-

232 3004 351 3122 ἵκεθ’
385 3006 475 3056 Hence
492 3005 535 3055 the
550 3005 648 3056 various
666 3007 765 3056 devices
783 3006 822 3057 for
837 3008 933 3074 getting
949 3009 988 3059 rid
1004 3009 1034 3060 of
1049 3010 1117 3060 them
1128 3027 1137 3071 ς
1162 3025 1201 3074 cp.
1219 3017 1271 3074 pro

265 3087 351 3132 arena,
365 3087 387 3122 c.
403 3083 454 3120 ΧΗ.

298 3137 345 3198 qni
364 3139 458 3186 morte.
491 3135 566 3186 refers
590 3141 618 3185 to
636 3136 679 3186 the
698 3135 821 3186 “donatia
839 3139 925 3188 mortis
941 3137 1055 3189 casura.''
1087 3139 1266 3205 Wyttenbach.

233 3202 259 3252 A
276 3201 385 3252 donatio
401 3215 437 3252 m.
449 3215 471 3251 o.
485 3201 507 3250 is
523 3217 539 3250 a
549 3200 603 3264 gift,
617 3201 645 3250 in
664 3217 717 3251 case
726 3201 758 3266 os
767 3202 845 3261 death,
859 3204 933 3253 made
948 3221 966 3253 e.
977 3221 1003 3269 g.
1018 3204 1052 3270 by
1062 3221 1078 3254 a
1088 3221 1213 3270 personon
1224 3205 1269 3255 the

232 3282 277 3316 eve
288 3267 318 3317 of
324 3283 340 3316 a
348 3267 453 3332 joumey
464 3282 535 3316 oran
546 3265 640 3315 invalid
650 3281 656 3316 ι
668 3283 708 3332 cp.
723 3265 803 3316 Pauli.
818 3268 882 3318 Sent.
899 3281 942 3319 111.
959 3279 979 3332 7.
994 3270 1080 3320 Moser
1090 3269 1201 3320 remarks
1212 3271 1270 3320 that

234 3331 277 3381 the
287 3333 327 3380 Iex
343 3333 445 3381 Wcania
456 3333 499 3394 (U.
518 3332 545 3382 C.
560 3330 628 3396 585.)
640 3332 761 3396 provided
778 3332 832 3382 that
842 3348 876 3382 no
887 3333 983 3398 legatee
993 3335 1083 3385 should
1094 3335 1189 3384 receive
1200 3351 1272 3386 more

233 3396 294 3446 than
305 3397 347 3446 the
358 3398 457 3448 hertam
493 3398 515 3446 F
516 3413 544 3447 or
554 3396 716 3458 propositum
728 3396 807 3446 Halm
819 3399 908 3463 adopts
920 3398 1020 3450 Davies’
1032 3400 1096 3465 conj.
1110 3399 1235 3462 ponimur

297 3474 376 3521 quom
393 3462 513 3513 moritur.
551 3463 603 3512 “at
620 3463 663 3512 the
679 3462 779 3512 timeus
791 3462 944 3514 hisdeath''
977 3465 1198 3516 Feldh.·remarlrs
1214 3466 1270 3516 that

232 3541 260 3576 es
272 3525 360 3576 Cicero
371 3527 522 3592 isspeaking
532 3527 658 3592 generally
668 3527 711 3578 the
722 3527 782 3592 peri.
798 3535 867 3579 tense
878 3528 899 3578 is
910 3537 954 3580 not
965 3545 1101 3596 necessary.

297 3591 460 3652 possidendo.
497 3593 559 3642 Arc.
573 3600 600 3642 to
611 3593 715 3654 Gdrenz‚
730 3593 811 3643 thisis
827 3594 921 3659 merely
931 3611 947 3644 a
963 3595 1031 3660 gloss
1050 3612 1084 3646 on
1100 3611 1148 3645 usu
1166 3596 1254 3660 ceperit
1258 3610 1271 3656 ,⁶

231 3657 277 3707 but
293 3656 403 3721 Savigny
419 3673 548 3722 compares
566 3658 652 3718 Gaius,
672 3659 709 3707 11.
723 3660 743 3718 θ.
758 3671 798 3720 41.
807 3713 809 3720 ,
817 3660 841 3708 si
849 3660 894 3708 tibi
903 3676 954 3709 rem
965 3661 1076 3725 mancipi
1091 3677 1166 3725 neque
1174 3662 1271 3710 manci·

226 3729 319 3787 pavero
329 3737 404 3784 neque
413 3723 440 3770 r'n
451 3723 506 3772 iure
513 3738 605 3782 carrera,
619 3729 653 3772 set
662 3729 760 3772 tantum
771 3724 900 3784 tradaliera,
911 3725 1018 3774 inbonis
1026 3727 1122 3790 quidm
1134 3727 1184 3776 tur's
1194 3743 1222 3776 ea
1234 3743 1272 3776 rar

231 3787 345 3901 gargar,
369 3801 400 3835 ex
418 3787 478 3904 im
493 3789 630 3849 Quiritium
649 3803 704 3838 aero
720 3804 772 3837 mea
786 3790 945 3853 permanebit,
969 3791 1041 3841 donec
1058 3797 1094 3854 tu·
1106 3807 1159 3841 eam
1181 3791 1269 3853 poeai-

249 3865 285 3902 en
304 3863 430 3913 namorp
963 3881 969 3894 ·
