<?xml version="1.0" encoding="UTF-8"?>
<!DOCTYPE html PUBLIC "-//W3C//DTD XHTML 1.0 Transitional//EN"
    "http://www.w3.org/TR/xhtml1/DTD/xhtml1-transitional.dtd">
<html xmlns="http://www.w3.org/1999/xhtml" xml:lang="en" lang="en">
 <head>
  <title>
</title>
<meta http-equiv="Content-Type" content="text/html;charset=utf-8" />
  <meta name='ocr-system' content='tesseract 3.04.00' />
  <meta name='ocr-capabilities' content='ocr_page ocr_carea ocr_par ocr_line ocrx_word'/>
</head>
<body>
  <div class='ocr_page' id='page_1' title='image "./delegibuslibrit00peargoog_0155.png"; bbox 0 0 2818 4320; ppageno 0'>
   <div class='ocr_carea' id='block_1_1' title="bbox 218 285 774 374">
    <p class='ocr_par' dir='ltr' id='par_1_1' title="bbox 218 285 774 374">
     <span class='ocr_line' id='line_1_1' title="bbox 218 285 774 374; baseline -0.005 -20"><span class='ocrx_word' id='word_1_1' title='bbox 218 293 278 374; x_wconf 89' lang='lat'>138</span> <span class='ocrx_word' id='word_1_2' title='bbox 598 285 774 356; x_wconf 80' lang='lat' dir='ltr'><em>CICERO</em></span> 
     </span>
    </p>
   </div>
   <div class='ocr_carea' id='block_1_2' title="bbox 154 443 1249 1975">
    <p class='ocr_par' dir='ltr' id='par_1_2' title="bbox 214 443 1247 638">
     <span class='ocr_line' id='line_1_2' title="bbox 214 443 1245 532; baseline -0.007 -17"><span class='ocrx_word' id='word_1_3' title='bbox 214 450 341 516; x_wconf 90' lang='lat' dir='ltr'>Marius</span> <span class='ocrx_word' id='word_1_4' title='bbox 365 449 399 514; x_wconf 89' lang='lat' dir='ltr'>in</span> <span class='ocrx_word' id='word_1_5' title='bbox 423 448 564 532; x_wconf 89' lang='lat' dir='ltr'>Aegaeo</span> <span class='ocrx_word' id='word_1_6' title='bbox 590 447 749 512; x_wconf 86' lang='lat' dir='ltr'>excitavit</span> <span class='ocrx_word' id='word_1_7' title='bbox 772 445 862 511; x_wconf 91' lang='lat' dir='ltr'>mari.</span> <span class='ocrx_word' id='word_1_8' title='bbox 906 445 961 511; x_wconf 89' lang='lat' dir='ltr'>Ac</span> <span class='ocrx_word' id='word_1_9' title='bbox 975 443 1245 528; x_wconf 86' lang='lat' dir='ltr'>nostro&#39;quidem</span> 
     </span>
     <span class='ocr_line' id='line_1_3' title="bbox 214 547 1247 638; baseline -0.007 -20"><span class='ocrx_word' id='word_1_10' title='bbox 214 553 309 638; x_wconf 85' lang='lat' dir='ltr'>[qui],</span> <span class='ocrx_word' id='word_1_11' title='bbox 336 573 412 618; x_wconf 91' lang='lat' dir='ltr'>curn</span> <span class='ocrx_word' id='word_1_12' title='bbox 438 572 490 616; x_wconf 92' lang='lat' dir='ltr'>res</span> <span class='ocrx_word' id='word_1_13' title='bbox 514 560 601 617; x_wconf 89' lang='lat' dir='ltr'>esset</span> <span class='ocrx_word' id='word_1_14' title='bbox 627 552 671 616; x_wconf 91' lang='lat' dir='ltr'>ad</span> <span class='ocrx_word' id='word_1_15' title='bbox 697 573 733 616; x_wconf 91' lang='lat' dir='ltr'>se</span> <span class='ocrx_word' id='word_1_16' title='bbox 754 550 875 626; x_wconf 90' lang='lat' dir='ltr'>delata,</span> <span class='ocrx_word' id='word_1_17' title='bbox 900 549 946 614; x_wconf 91' lang='lat' dir='ltr'>M.</span> <span class='ocrx_word' id='word_1_18' title='bbox 971 549 1114 614; x_wconf 85' lang='lat' dir='ltr'><strong>Scaurus</strong></span> <span class='ocrx_word' id='word_1_19' title='bbox 1132 547 1247 613; x_wconf 92' lang='lat' dir='ltr'>consul</span> 
     </span>
    </p>

    <p class='ocr_par' dir='ltr' id='par_1_3' title="bbox 217 653 1248 738">
     <span class='ocr_line' id='line_1_4' title="bbox 217 653 1248 738; baseline -0.006 -17"><span class='ocrx_word' id='word_1_20' title='bbox 217 662 235 692; x_wconf 88' lang='lat'><strong><em>“</em></strong></span> <span class='ocrx_word' id='word_1_21' title='bbox 246 655 414 732; x_wconf 86' lang='lat' dir='ltr'>Utinam,’&#39;</span> <span class='ocrx_word' id='word_1_22' title='bbox 431 656 537 738; x_wconf 91' lang='lat' dir='ltr'>inquit</span> <span class='ocrx_word' id='word_1_23' title='bbox 553 661 571 688; x_wconf 82' lang='lat'><em>“</em></span> <span class='ocrx_word' id='word_1_24' title='bbox 583 655 629 718; x_wconf 91' lang='grc' dir='ltr'>Μ.</span> <span class='ocrx_word' id='word_1_25' title='bbox 647 655 771 730; x_wconf 88' lang='lat' dir='ltr'>Cicero,</span> <span class='ocrx_word' id='word_1_26' title='bbox 789 655 853 718; x_wconf 88' lang='lat' dir='ltr'>isto</span> <span class='ocrx_word' id='word_1_27' title='bbox 875 655 987 718; x_wconf 90' lang='lat' dir='ltr'>animo</span> <span class='ocrx_word' id='word_1_28' title='bbox 1003 663 1104 737; x_wconf 89' lang='lat' dir='ltr'>atque</span> <span class='ocrx_word' id='word_1_29' title='bbox 1125 653 1248 716; x_wconf 90' lang='lat' dir='ltr'>virtute</span> 
     </span>
    </p>

    <p class='ocr_par' dir='ltr' id='par_1_4' title="bbox 154 756 1249 1874">
     <span class='ocr_line' id='line_1_5' title="bbox 216 756 1248 841; baseline -0.006 -17"><span class='ocrx_word' id='word_1_30' title='bbox 216 760 249 824; x_wconf 93' lang='lat' dir='ltr'>in</span> <span class='ocrx_word' id='word_1_31' title='bbox 265 779 396 829; x_wconf 90' lang='lat' dir='ltr'>summa</span> <span class='ocrx_word' id='word_1_32' title='bbox 419 758 600 841; x_wconf 91' lang='lat' dir='ltr'>republica</span> <span class='ocrx_word' id='word_1_33' title='bbox 623 759 794 822; x_wconf 90' lang='lat' dir='ltr'>nobiscum</span> <span class='ocrx_word' id='word_1_34' title='bbox 816 757 937 822; x_wconf 88' lang='lat' dir='ltr'>versari</span> <span class='ocrx_word' id='word_1_35' title='bbox 960 777 1061 840; x_wconf 91' lang='lat' dir='ltr'>quam</span> <span class='ocrx_word' id='word_1_36' title='bbox 1084 757 1117 819; x_wconf 94' lang='lat' dir='ltr'>in</span> <span class='ocrx_word' id='word_1_37' title='bbox 1142 756 1248 819; x_wconf 92' lang='lat' dir='ltr'>muni·</span> 
     </span>
     <span class='ocr_line' id='line_1_6' title="bbox 173 859 1248 946; baseline -0.004 -20"><span class='ocrx_word' id='word_1_38' title='bbox 173 861 312 945; x_wconf 72' lang='lat' dir='ltr'>scipali</span> <span class='ocrx_word' id='word_1_39' title='bbox 336 861 507 926; x_wconf 92' lang='lat' dir='ltr'>maluisses</span> <span class='ocrx_word' id='word_1_40' title='bbox 520 861 545 926; x_wconf 85' lang='lat' dir='ltr'>i”</span> <span class='ocrx_word' id='word_1_41' title='bbox 611 875 662 946; x_wconf 84' lang='lat'>37.</span> <span class='ocrx_word' id='word_1_42' title='bbox 708 859 818 942; x_wconf 87' lang='lat' dir='ltr'>Quam</span> <span class='ocrx_word' id='word_1_43' title='bbox 835 861 879 925; x_wconf 94' lang='lat' dir='ltr'>ob</span> <span class='ocrx_word' id='word_1_44' title='bbox 905 881 983 937; x_wconf 90' lang='lat' dir='ltr'>rem,</span> <span class='ocrx_word' id='word_1_45' title='bbox 1000 860 1158 942; x_wconf 90' lang='lat' dir='ltr'>quoniam</span> <span class='ocrx_word' id='word_1_46' title='bbox 1182 879 1248 922; x_wconf 92' lang='lat' dir='ltr'>non</span> 
     </span>
     <span class='ocr_line' id='line_1_7' title="bbox 215 963 1249 1048; baseline -0.004 -19"><span class='ocrx_word' id='word_1_47' title='bbox 215 965 480 1048; x_wconf 86' lang='lat' dir='ltr'>recognoscimus</span> <span class='ocrx_word' id='word_1_48' title='bbox 519 985 605 1029; x_wconf 92' lang='lat' dir='ltr'>nunc</span> <span class='ocrx_word' id='word_1_49' title='bbox 635 964 724 1047; x_wconf 92' lang='lat' dir='ltr'>leges</span> <span class='ocrx_word' id='word_1_50' title='bbox 754 963 868 1046; x_wconf 91' lang='lat' dir='ltr'>populi</span> <span class='ocrx_word' id='word_1_51' title='bbox 910 964 1063 1038; x_wconf 91' lang='lat' dir='ltr'>Romani,</span> <span class='ocrx_word' id='word_1_52' title='bbox 1093 963 1153 1026; x_wconf 94' lang='lat' dir='ltr'>sed</span> <span class='ocrx_word' id='word_1_53' title='bbox 1190 971 1249 1025; x_wconf 89' lang='lat' dir='ltr'>aut</span> 
     </span>
     <span class='ocr_line' id='line_1_8' title="bbox 216 1065 1249 1151; baseline -0.005 -18"><span class='ocrx_word' id='word_1_54' title='bbox 216 1069 396 1151; x_wconf 89' lang='lat' dir='ltr'>repetimus</span> <span class='ocrx_word' id='word_1_55' title='bbox 419 1077 549 1151; x_wconf 89' lang='lat' dir='ltr'>ereptas</span> <span class='ocrx_word' id='word_1_56' title='bbox 570 1077 630 1132; x_wconf 90' lang='lat' dir='ltr'>aut</span> <span class='ocrx_word' id='word_1_57' title='bbox 659 1088 761 1132; x_wconf 92' lang='lat' dir='ltr'>novas</span> <span class='ocrx_word' id='word_1_58' title='bbox 783 1067 964 1143; x_wconf 85' lang='lat' dir='ltr'>scribimus,</span> <span class='ocrx_word' id='word_1_59' title='bbox 988 1087 1055 1130; x_wconf 93' lang='lat' dir='ltr'>non</span> <span class='ocrx_word' id='word_1_60' title='bbox 1078 1066 1158 1150; x_wconf 93' lang='lat' dir='ltr'>quid</span> <span class='ocrx_word' id='word_1_61' title='bbox 1184 1065 1249 1129; x_wconf 92' lang='lat' dir='ltr'>hoc</span> 
     </span>
     <span class='ocr_line' id='line_1_9' title="bbox 216 1169 1249 1255; baseline -0.005 -19"><span class='ocrx_word' id='word_1_62' title='bbox 216 1170 340 1255; x_wconf 92' lang='lat' dir='ltr'>populo</span> <span class='ocrx_word' id='word_1_63' title='bbox 378 1171 520 1254; x_wconf 86' lang='lat' dir='ltr'>optineri</span> <span class='ocrx_word' id='word_1_64' title='bbox 549 1171 663 1254; x_wconf 87' lang='lat' dir='ltr'>possit,</span> <span class='ocrx_word' id='word_1_65' title='bbox 698 1170 757 1234; x_wconf 93' lang='lat' dir='ltr'>sed</span> <span class='ocrx_word' id='word_1_66' title='bbox 787 1171 868 1252; x_wconf 93' lang='lat' dir='ltr'>quid</span> <span class='ocrx_word' id='word_1_67' title='bbox 905 1171 1069 1252; x_wconf 89' lang='lat' dir='ltr'>optimum</span> <span class='ocrx_word' id='word_1_68' title='bbox 1107 1170 1151 1233; x_wconf 89' lang='lat' dir='ltr'>sit</span> <span class='ocrx_word' id='word_1_69' title='bbox 1188 1169 1249 1234; x_wconf 89' lang='lat' dir='ltr'>tibi</span> 
     </span>
     <span class='ocr_line' id='line_1_10' title="bbox 215 1271 1248 1362; baseline -0.003 -23"><span class='ocrx_word' id='word_1_70' title='bbox 215 1273 393 1339; x_wconf 90' lang='lat' dir='ltr'>dicendum</span> <span class='ocrx_word' id='word_1_71' title='bbox 423 1283 512 1357; x_wconf 88' lang='lat' dir='ltr'>puto.</span> <span class='ocrx_word' id='word_1_72' title='bbox 572 1274 661 1337; x_wconf 92' lang='lat' dir='ltr'>Nam</span> <span class='ocrx_word' id='word_1_73' title='bbox 693 1271 827 1338; x_wconf 88' lang='lat' dir='ltr'>Cassiae</span> <span class='ocrx_word' id='word_1_74' title='bbox 856 1271 938 1355; x_wconf 91' lang='lat' dir='ltr'>legis</span> <span class='ocrx_word' id='word_1_75' title='bbox 975 1271 1108 1362; x_wconf 87' lang='lat' dir='ltr'>culpam</span> <span class='ocrx_word' id='word_1_76' title='bbox 1135 1272 1248 1354; x_wconf 88' lang='lat' dir='ltr'>Scipio</span> 
     </span>
     <span class='ocr_line' id='line_1_11' title="bbox 154 1375 1249 1466; baseline -0.005 -22"><span class='ocrx_word' id='word_1_77' title='bbox 154 1395 202 1466; x_wconf 78' lang='grc' dir='ltr'>Ιο1</span> <span class='ocrx_word' id='word_1_78' title='bbox 214 1387 291 1444; x_wconf 89' lang='lat' dir='ltr'>tuus</span> <span class='ocrx_word' id='word_1_79' title='bbox 329 1377 478 1453; x_wconf 88' lang='lat' dir='ltr'>sustinet,</span> <span class='ocrx_word' id='word_1_80' title='bbox 503 1396 570 1459; x_wconf 90' lang='lat' dir='ltr'>quo</span> <span class='ocrx_word' id='word_1_81' title='bbox 595 1385 729 1441; x_wconf 89' lang='lat' dir='ltr'>auctore</span> <span class='ocrx_word' id='word_1_82' title='bbox 753 1375 821 1439; x_wconf 91' lang='lat' dir='ltr'>lata</span> <span class='ocrx_word' id='word_1_83' title='bbox 844 1396 916 1439; x_wconf 92' lang='lat' dir='ltr'>esse</span> <span class='ocrx_word' id='word_1_84' title='bbox 939 1375 1067 1439; x_wconf 91' lang='lat' dir='ltr'>dicitur.</span> <span class='ocrx_word' id='word_1_85' title='bbox 1126 1375 1190 1450; x_wconf 92' lang='lat' dir='ltr'>Tu,</span> <span class='ocrx_word' id='word_1_86' title='bbox 1221 1375 1249 1438; x_wconf 88' lang='lat' dir='ltr'>si</span> 
     </span>
     <span class='ocr_line' id='line_1_12' title="bbox 215 1477 1249 1562; baseline -0.005 -17"><span class='ocrx_word' id='word_1_87' title='bbox 215 1479 420 1546; x_wconf 89' lang='lat' dir='ltr'>tabellariam</span> <span class='ocrx_word' id='word_1_88' title='bbox 454 1478 575 1556; x_wconf 90' lang='lat' dir='ltr'>tuleris,</span> <span class='ocrx_word' id='word_1_89' title='bbox 611 1480 681 1562; x_wconf 92' lang='lat' dir='ltr'>ipse</span> <span class='ocrx_word' id='word_1_90' title='bbox 718 1478 921 1562; x_wconf 88' lang='lat' dir='ltr'>praestabis;</span> <span class='ocrx_word' id='word_1_91' title='bbox 959 1498 1020 1541; x_wconf 85' lang='lat' dir='ltr'>nec</span> <span class='ocrx_word' id='word_1_92' title='bbox 1049 1478 1137 1541; x_wconf 93' lang='lat' dir='ltr'>enim</span> <span class='ocrx_word' id='word_1_93' title='bbox 1169 1477 1249 1541; x_wconf 93' lang='lat' dir='ltr'>mihi</span> 
     </span>
     <span class='ocr_line' id='line_1_13' title="bbox 215 1580 1248 1668; baseline -0.005 -20"><span class='ocrx_word' id='word_1_94' title='bbox 215 1583 324 1668; x_wconf 89' lang='lat' dir='ltr'>placet</span> <span class='ocrx_word' id='word_1_95' title='bbox 336 1603 397 1647; x_wconf 92' lang='lat' dir='ltr'>nec</span> <span class='ocrx_word' id='word_1_96' title='bbox 408 1581 526 1648; x_wconf 88' lang='lat' dir='ltr'>Attico</span> <span class='ocrx_word' id='word_1_97' title='bbox 538 1590 659 1659; x_wconf 89' lang='lat' dir='ltr'>nostro,</span> <span class='ocrx_word' id='word_1_98' title='bbox 675 1591 838 1665; x_wconf 88' lang='lat' dir='ltr'>quantum</span> <span class='ocrx_word' id='word_1_99' title='bbox 854 1603 873 1645; x_wconf 89' lang='lat' dir='ltr'>e</span> <span class='ocrx_word' id='word_1_100' title='bbox 887 1581 980 1646; x_wconf 91' lang='lat' dir='ltr'>vultu</span> <span class='ocrx_word' id='word_1_101' title='bbox 996 1582 1066 1644; x_wconf 93' lang='lat' dir='ltr'>eius</span> <span class='ocrx_word' id='word_1_102' title='bbox 1081 1580 1248 1664; x_wconf 83' lang='lat' dir='ltr'>intellego.</span> 
     </span>
     <span class='ocr_line' id='line_1_14' title="bbox 280 1684 1249 1767; baseline -0.003 -17"><span class='ocrx_word' id='word_1_103' title='bbox 280 1685 394 1751; x_wconf 91' lang='lat' dir='ltr'>XVII.</span> <span class='ocrx_word' id='word_1_104' title='bbox 439 1685 509 1748; x_wconf 81' lang='lat' dir='ltr'>Art.</span> <span class='ocrx_word' id='word_1_105' title='bbox 556 1684 640 1748; x_wconf 91' lang='lat' dir='ltr'>Mihi</span> <span class='ocrx_word' id='word_1_106' title='bbox 669 1706 746 1749; x_wconf 91' lang='lat' dir='ltr'>vero</span> <span class='ocrx_word' id='word_1_107' title='bbox 782 1684 862 1748; x_wconf 92' lang='lat' dir='ltr'>nihil</span> <span class='ocrx_word' id='word_1_108' title='bbox 892 1697 1051 1767; x_wconf 80' lang='lat' dir='ltr'>umquam</span> <span class='ocrx_word' id='word_1_109' title='bbox 1088 1684 1249 1767; x_wconf 86' lang='lat' dir='ltr'>populare</span> 
     </span>
     <span class='ocr_line' id='line_1_15' title="bbox 215 1787 1249 1874; baseline -0.003 -21"><span class='ocrx_word' id='word_1_110' title='bbox 215 1788 340 1874; x_wconf 88' lang='lat' dir='ltr'>placuit</span> <span class='ocrx_word' id='word_1_111' title='bbox 355 1808 495 1871; x_wconf 90' lang='lat' dir='ltr'>eamque</span> <span class='ocrx_word' id='word_1_112' title='bbox 511 1788 672 1871; x_wconf 89' lang='lat' dir='ltr'>optimam</span> <span class='ocrx_word' id='word_1_113' title='bbox 693 1809 761 1851; x_wconf 90' lang='lat' dir='ltr'>rem</span> <span class='ocrx_word' id='word_1_114' title='bbox 778 1787 943 1870; x_wconf 90' lang='lat' dir='ltr'>publicam</span> <span class='ocrx_word' id='word_1_115' title='bbox 960 1809 1031 1851; x_wconf 92' lang='lat' dir='ltr'>esse</span> <span class='ocrx_word' id='word_1_116' title='bbox 1046 1788 1129 1864; x_wconf 92' lang='lat' dir='ltr'>dic0,</span> <span class='ocrx_word' id='word_1_117' title='bbox 1147 1807 1249 1870; x_wconf 91' lang='lat' dir='ltr'>quam</span> 
     </span>
    </p>

    <p class='ocr_par' dir='ltr' id='par_1_5' title="bbox 155 1889 1248 1975">
     <span class='ocr_line' id='line_1_16' title="bbox 155 1889 1248 1975; baseline -0.002 -18"><span class='ocrx_word' id='word_1_118' title='bbox 155 1905 190 1975; x_wconf 82' lang='lat'>15</span> <span class='ocrx_word' id='word_1_119' title='bbox 215 1893 269 1956; x_wconf 89' lang='lat' dir='ltr'>hic</span> <span class='ocrx_word' id='word_1_120' title='bbox 280 1889 395 1955; x_wconf 90' lang='lat' dir='ltr'>consul</span> <span class='ocrx_word' id='word_1_121' title='bbox 406 1891 630 1967; x_wconf 89' lang='lat' dir='ltr'>constituerat,</span> <span class='ocrx_word' id='word_1_122' title='bbox 647 1911 732 1973; x_wconf 88' lang='lat' dir='ltr'>quae</span> <span class='ocrx_word' id='word_1_123' title='bbox 747 1893 791 1955; x_wconf 88' lang='lat' dir='ltr'>sit</span> <span class='ocrx_word' id='word_1_124' title='bbox 806 1892 839 1954; x_wconf 92' lang='lat' dir='ltr'>in</span> <span class='ocrx_word' id='word_1_125' title='bbox 855 1900 1022 1975; x_wconf 85' lang='lat' dir='ltr'>potestate</span> <span class='ocrx_word' id='word_1_126' title='bbox 1037 1892 1248 1973; x_wconf 87' lang='lat' dir='ltr'>optimorum.</span> 
     </span>
    </p>
   </div>
   <div class='ocr_carea' id='block_1_3' title="bbox 216 2149 1396 3911">
    <p class='ocr_par' dir='ltr' id='par_1_6' title="bbox 216 2149 1256 2673">
     <span class='ocr_line' id='line_1_17' title="bbox 216 2149 1252 2283; baseline -0.001 -12"><span class='ocrx_word' id='word_1_127' title='bbox 216 2154 325 2272; x_wconf 66' lang='lat' dir='ltr'>‘0⁰2th</span> <span class='ocrx_word' id='word_1_128' title='bbox 339 2151 507 2283; x_wconf 46' lang='lat' dir='ltr'>‘didisti</span> <span class='ocrx_word' id='word_1_129' title='bbox 522 2168 561 2268; x_wconf 63' lang='lat' dir='ltr'>‘t</span> <span class='ocrx_word' id='word_1_130' title='bbox 576 2149 629 2267; x_wconf 65' lang='lat' dir='ltr'>iiii</span> <span class='ocrx_word' id='word_1_131' title='bbox 638 2151 708 2267; x_wconf 68' lang='lat'>‘13¹2</span> <span class='ocrx_word' id='word_1_132' title='bbox 719 2168 771 2268; x_wconf 70' lang='lat' dir='ltr'>lt}</span> <span class='ocrx_word' id='word_1_133' title='bbox 784 2153 1252 2280; x_wconf 49' lang='lat' dir='ltr'>yffl⁸ffiiffi⁵lriiiiiiiiaiiltisbi</span> 
     </span>
     <span class='ocr_line' id='line_1_18' title="bbox 233 2285 950 2338; baseline 0.013 -3"><span class='ocrx_word' id='word_1_134' title='bbox 233 2285 290 2336; x_wconf 86' lang='lat' dir='ltr'>loss.</span> <span class='ocrx_word' id='word_1_135' title='bbox 499 2327 504 2338; x_wconf 83' lang='lat'><strong><em>.</em></strong></span> <span class='ocrx_word' id='word_1_136' title='bbox 948 2331 950 2334; x_wconf 87' lang='lat'>-</span> 
     </span>
     <span class='ocr_line' id='line_1_19' title="bbox 216 2302 1252 2426; baseline 0.002 -29"><span class='ocrx_word' id='word_1_137' title='bbox 216 2302 233 2352; x_wconf 62' lang='lat' dir='ltr'>g</span> <span class='ocrx_word' id='word_1_138' title='bbox 281 2345 388 2426; x_wconf 78' lang='lat' dir='ltr'>quidem</span> <span class='ocrx_word' id='word_1_139' title='bbox 395 2345 452 2426; x_wconf 68' lang='lat' dir='ltr'>pui.</span> <span class='ocrx_word' id='word_1_140' title='bbox 489 2347 539 2398; x_wconf 87' lang='lat' dir='ltr'>For</span> <span class='ocrx_word' id='word_1_141' title='bbox 548 2349 594 2413; x_wconf 84' lang='lat' dir='ltr'>qui</span> <span class='ocrx_word' id='word_1_142' title='bbox 604 2347 682 2397; x_wconf 86' lang='lat' dir='ltr'>Halm</span> <span class='ocrx_word' id='word_1_143' title='bbox 693 2347 783 2426; x_wconf 76' lang='lat' dir='ltr'>adopts</span> <span class='ocrx_word' id='word_1_144' title='bbox 794 2347 922 2398; x_wconf 88' lang='lat' dir='ltr'>Lambin’s</span> <span class='ocrx_word' id='word_1_145' title='bbox 933 2349 997 2413; x_wconf 83' lang='lat' dir='ltr'>conj.</span> <span class='ocrx_word' id='word_1_146' title='bbox 1011 2365 1057 2398; x_wconf 84' lang='lat' dir='ltr'>avo</span> <span class='ocrx_word' id='word_1_147' title='bbox 1063 2365 1075 2409; x_wconf 92' lang='lat'><em>;</em></span> <span class='ocrx_word' id='word_1_148' title='bbox 1092 2348 1190 2399; x_wconf 85' lang='lat' dir='ltr'>Vahlen</span> <span class='ocrx_word' id='word_1_149' title='bbox 1203 2350 1252 2400; x_wconf 90' lang='lat' dir='ltr'>fills</span> 
     </span>
     <span class='ocr_line' id='line_1_20' title="bbox 217 2413 1256 2544; baseline 0 -14"><span class='ocrx_word' id='word_1_150' title='bbox 217 2426 599 2541; x_wconf 53' lang='lat' dir='ltr'>himiltridis?</span> <span class='ocrx_word' id='word_1_151' title='bbox 620 2415 715 2529; x_wconf 63' lang='lat' dir='ltr'>’etth</span> <span class='ocrx_word' id='word_1_152' title='bbox 731 2413 1050 2544; x_wconf 53' lang='lat' dir='ltr'>ilidffrllswollglll‘</span> <span class='ocrx_word' id='word_1_153' title='bbox 1065 2431 1152 2530; x_wconf 58' lang='lat' dir='ltr'>inii</span> <span class='ocrx_word' id='word_1_154' title='bbox 1166 2417 1256 2530; x_wconf 64' lang='lat' dir='ltr'>till(</span> 
     </span>
     <span class='ocr_line' id='line_1_21' title="bbox 217 2543 1248 2609; baseline 0 -13"><span class='ocrx_word' id='word_1_155' title='bbox 217 2561 287 2596; x_wconf 89' lang='lat' dir='ltr'>more</span> <span class='ocrx_word' id='word_1_156' title='bbox 304 2544 381 2608; x_wconf 88' lang='lat' dir='ltr'>easily</span> <span class='ocrx_word' id='word_1_157' title='bbox 400 2560 472 2607; x_wconf 87' lang='lat' dir='ltr'>creep</span> <span class='ocrx_word' id='word_1_158' title='bbox 483 2543 510 2592; x_wconf 91' lang='lat' dir='ltr'>in</span> <span class='ocrx_word' id='word_1_159' title='bbox 528 2543 703 2609; x_wconf 71' lang='lat' dir='ltr'>alterquidern,</span> <span class='ocrx_word' id='word_1_160' title='bbox 724 2543 784 2592; x_wconf 85' lang='lat' dir='ltr'>than</span> <span class='ocrx_word' id='word_1_161' title='bbox 803 2559 850 2607; x_wconf 83' lang='lat' dir='ltr'>quc</span> <span class='ocrx_word' id='word_1_162' title='bbox 864 2543 948 2594; x_wconf 86' lang='lat' dir='ltr'>before</span> <span class='ocrx_word' id='word_1_163' title='bbox 965 2543 1071 2606; x_wconf 78' lang='lat' dir='ltr'>inquit3</span> <span class='ocrx_word' id='word_1_164' title='bbox 1088 2545 1170 2596; x_wconf 87' lang='lat' dir='ltr'>where</span> <span class='ocrx_word' id='word_1_165' title='bbox 1190 2558 1248 2596; x_wconf 75' lang='lat' dir='ltr'>uss·</span> 
     </span>
     <span class='ocr_line' id='line_1_22' title="bbox 217 2608 858 2673; baseline -0.005 -12"><span class='ocrx_word' id='word_1_166' title='bbox 217 2611 282 2661; x_wconf 87' lang='lat' dir='ltr'>have</span> <span class='ocrx_word' id='word_1_167' title='bbox 297 2609 389 2659; x_wconf 82' lang='lat' dir='ltr'>Utinan</span> <span class='ocrx_word' id='word_1_168' title='bbox 414 2624 450 2668; x_wconf 87' lang='lat' dir='ltr'>ue,</span> <span class='ocrx_word' id='word_1_169' title='bbox 466 2608 551 2658; x_wconf 89' lang='lat' dir='ltr'>Moser</span> <span class='ocrx_word' id='word_1_170' title='bbox 560 2609 624 2672; x_wconf 91' lang='lat' dir='ltr'>conj.</span> <span class='ocrx_word' id='word_1_171' title='bbox 643 2610 745 2658; x_wconf 73' lang='lat' dir='ltr'>(stiuam</span> <span class='ocrx_word' id='word_1_172' title='bbox 756 2609 858 2673; x_wconf 81' lang='lat' dir='ltr'>quidem.</span> 
     </span>
    </p>

    <p class='ocr_par' dir='ltr' id='par_1_7' title="bbox 218 2624 1255 2869">
     <span class='ocr_line' id='line_1_23' title="bbox 284 2624 1253 2750; baseline 0.003 -27"><span class='ocrx_word' id='word_1_173' title='bbox 284 2672 357 2750; x_wconf 78' lang='lat' dir='ltr'>adse</span> <span class='ocrx_word' id='word_1_174' title='bbox 368 2624 462 2723; x_wconf 67' lang='lat' dir='ltr'>dilata</span> <span class='ocrx_word' id='word_1_175' title='bbox 499 2674 604 2738; x_wconf 85' lang='lat' dir='ltr'>Madvig</span> <span class='ocrx_word' id='word_1_176' title='bbox 621 2673 685 2738; x_wconf 88' lang='lat' dir='ltr'>conj.</span> <span class='ocrx_word' id='word_1_177' title='bbox 699 2675 735 2722; x_wconf 90' lang='lat' dir='ltr'>ad</span> <span class='ocrx_word' id='word_1_178' title='bbox 742 2681 853 2722; x_wconf 79' lang='lat' dir='ltr'>senatum</span> <span class='ocrx_word' id='word_1_179' title='bbox 864 2674 920 2735; x_wconf 68' lang='lat' dir='ltr'>del„</span> <span class='ocrx_word' id='word_1_180' title='bbox 934 2691 966 2724; x_wconf 91' lang='lat' dir='ltr'>on</span> <span class='ocrx_word' id='word_1_181' title='bbox 978 2674 1020 2724; x_wconf 88' lang='lat' dir='ltr'>the</span> <span class='ocrx_word' id='word_1_182' title='bbox 1030 2677 1127 2740; x_wconf 83' lang='lat' dir='ltr'>ground</span> <span class='ocrx_word' id='word_1_183' title='bbox 1138 2676 1192 2726; x_wconf 89' lang='lat' dir='ltr'>that</span> <span class='ocrx_word' id='word_1_184' title='bbox 1209 2677 1253 2726; x_wconf 90' lang='lat' dir='ltr'>the</span> 
     </span>
     <span class='ocr_line' id='line_1_24' title="bbox 219 2737 1255 2805; baseline 0.002 -15"><span class='ocrx_word' id='word_1_185' title='bbox 219 2737 334 2790; x_wconf 84' lang='lat' dir='ltr'>reflexrve</span> <span class='ocrx_word' id='word_1_186' title='bbox 345 2752 373 2788; x_wconf 77' lang='lat' dir='ltr'>se</span> <span class='ocrx_word' id='word_1_187' title='bbox 384 2739 405 2788; x_wconf 92' lang='lat' dir='ltr'>is</span> <span class='ocrx_word' id='word_1_188' title='bbox 417 2746 459 2788; x_wconf 90' lang='lat' dir='ltr'>out</span> <span class='ocrx_word' id='word_1_189' title='bbox 471 2738 500 2788; x_wconf 87' lang='lat' dir='ltr'>of</span> <span class='ocrx_word' id='word_1_190' title='bbox 508 2739 578 2805; x_wconf 90' lang='lat' dir='ltr'>place</span> <span class='ocrx_word' id='word_1_191' title='bbox 589 2756 597 2799; x_wconf 91' lang='lat'>;</span> <span class='ocrx_word' id='word_1_192' title='bbox 614 2740 669 2800; x_wconf 90' lang='lat' dir='ltr'>but,</span> <span class='ocrx_word' id='word_1_193' title='bbox 681 2755 707 2788; x_wconf 87' lang='lat' dir='ltr'>as</span> <span class='ocrx_word' id='word_1_194' title='bbox 720 2739 807 2788; x_wconf 86' lang='lat' dir='ltr'>Feldh.</span> <span class='ocrx_word' id='word_1_195' title='bbox 822 2740 945 2799; x_wconf 88' lang='lat' dir='ltr'>observes,</span> <span class='ocrx_word' id='word_1_196' title='bbox 959 2748 1070 2804; x_wconf 88' lang='lat' dir='ltr'>stranger</span> <span class='ocrx_word' id='word_1_197' title='bbox 1081 2742 1208 2804; x_wconf 86' lang='lat' dir='ltr'>examples</span> <span class='ocrx_word' id='word_1_198' title='bbox 1224 2741 1255 2791; x_wconf 89' lang='lat' dir='ltr'>of</span> 
     </span>
     <span class='ocr_line' id='line_1_25' title="bbox 218 2803 1172 2869; baseline 0 -13"><span class='ocrx_word' id='word_1_199' title='bbox 218 2804 357 2856; x_wconf 81' lang='lat' dir='ltr'>theoseos</span> <span class='ocrx_word' id='word_1_200' title='bbox 364 2803 406 2853; x_wconf 91' lang='lat' dir='ltr'>the</span> <span class='ocrx_word' id='word_1_201' title='bbox 417 2803 531 2854; x_wconf 87' lang='lat' dir='ltr'>reflexive</span> <span class='ocrx_word' id='word_1_202' title='bbox 541 2819 584 2854; x_wconf 86' lang='lat' dir='ltr'>are</span> <span class='ocrx_word' id='word_1_203' title='bbox 594 2812 639 2854; x_wconf 89' lang='lat' dir='ltr'>not</span> <span class='ocrx_word' id='word_1_204' title='bbox 650 2804 760 2867; x_wconf 86' lang='lat' dir='ltr'>wanting</span> <span class='ocrx_word' id='word_1_205' title='bbox 771 2805 829 2865; x_wconf 90' lang='lat' dir='ltr'>(See</span> <span class='ocrx_word' id='word_1_206' title='bbox 840 2806 951 2869; x_wconf 84' lang='lat' dir='ltr'>Madvig,</span> <span class='ocrx_word' id='word_1_207' title='bbox 965 2807 995 2856; x_wconf 86' lang='lat' dir='ltr'>L.</span> <span class='ocrx_word' id='word_1_208' title='bbox 1014 2807 1041 2855; x_wconf 85' lang='lat' dir='ltr'>G.</span> <span class='ocrx_word' id='word_1_209' title='bbox 1058 2807 1079 2864; x_wconf 74' lang='lat'>§-</span> <span class='ocrx_word' id='word_1_210' title='bbox 1094 2807 1172 2867; x_wconf 80' lang='lat'><strong>490.).</strong></span> 
     </span>
    </p>

    <p class='ocr_par' dir='ltr' id='par_1_8' title="bbox 219 2867 1254 3066">
     <span class='ocr_line' id='line_1_26' title="bbox 284 2867 1252 2922; baseline 0.003 -3"><span class='ocrx_word' id='word_1_211' title='bbox 284 2868 321 2919; x_wconf 78' lang='lat' dir='ltr'>M.</span> <span class='ocrx_word' id='word_1_212' title='bbox 342 2867 461 2918; x_wconf 67' lang='lat' dir='ltr'>Scaurus</span> <span class='ocrx_word' id='word_1_213' title='bbox 498 2869 577 2918; x_wconf 80' lang='lat' dir='ltr'>Bake:</span> <span class='ocrx_word' id='word_1_214' title='bbox 599 2869 710 2919; x_wconf 83' lang='lat' dir='ltr'>delatam.</span> <span class='ocrx_word' id='word_1_215' title='bbox 731 2871 841 2918; x_wconf 73' lang='lat' dir='ltr'>Scaunar</span> <span class='ocrx_word' id='word_1_216' title='bbox 859 2881 931 2920; x_wconf 74' lang='lat' dir='ltr'>Mss:</span> <span class='ocrx_word' id='word_1_217' title='bbox 950 2870 986 2920; x_wconf 93' lang='lat' dir='ltr'>M.</span> <span class='ocrx_word' id='word_1_218' title='bbox 1008 2871 1124 2920; x_wconf 93' lang='lat' dir='ltr'>AEmilius</span> <span class='ocrx_word' id='word_1_219' title='bbox 1145 2873 1252 2922; x_wconf 85' lang='lat' dir='ltr'>Scaurus</span> 
     </span>
     <span class='ocr_line' id='line_1_27' title="bbox 221 2932 1254 3000; baseline 0 -14"><span class='ocrx_word' id='word_1_220' title='bbox 221 2935 289 2998; x_wconf 88' lang='lat' dir='ltr'>(Cos.</span> <span class='ocrx_word' id='word_1_221' title='bbox 312 2932 399 2998; x_wconf 85' lang='lat'><strong>639.);</strong></span> <span class='ocrx_word' id='word_1_222' title='bbox 415 2933 535 2999; x_wconf 80' lang='lat' dir='ltr'>although</span> <span class='ocrx_word' id='word_1_223' title='bbox 546 2949 578 2983; x_wconf 83' lang='lat' dir='ltr'>an</span> <span class='ocrx_word' id='word_1_224' title='bbox 590 2933 632 2984; x_wconf 91' lang='lat' dir='ltr'>old</span> <span class='ocrx_word' id='word_1_225' title='bbox 649 2949 708 2984; x_wconf 81' lang='lat' dir='ltr'>man</span> <span class='ocrx_word' id='word_1_226' title='bbox 719 2935 768 2984; x_wconf 85' lang='lat' dir='ltr'>and</span> <span class='ocrx_word' id='word_1_227' title='bbox 779 2936 893 2999; x_wconf 75' lang='lat' dir='ltr'>princeps</span> <span class='ocrx_word' id='word_1_228' title='bbox 911 2938 1016 2984; x_wconf 82' lang='lat' dir='ltr'>Senatus</span> <span class='ocrx_word' id='word_1_229' title='bbox 1033 2935 1065 2984; x_wconf 92' lang='lat' dir='ltr'>he</span> <span class='ocrx_word' id='word_1_230' title='bbox 1084 2937 1210 3000; x_wconf 86' lang='lat' dir='ltr'>appeared</span> <span class='ocrx_word' id='word_1_231' title='bbox 1226 2938 1254 2986; x_wconf 88' lang='lat' dir='ltr'>ia</span> 
     </span>
     <span class='ocr_line' id='line_1_28' title="bbox 219 2999 1247 3066; baseline -0.001 -14"><span class='ocrx_word' id='word_1_232' title='bbox 219 3016 285 3052; x_wconf 84' lang='lat' dir='ltr'>arms</span> <span class='ocrx_word' id='word_1_233' title='bbox 296 3000 393 3064; x_wconf 81' lang='lat' dir='ltr'>against</span> <span class='ocrx_word' id='word_1_234' title='bbox 405 2999 557 3050; x_wconf 84' lang='lat' dir='ltr'>Setuminus.</span> <span class='ocrx_word' id='word_1_235' title='bbox 595 3000 685 3064; x_wconf 91' lang='lat' dir='ltr'>(Long,</span> <span class='ocrx_word' id='word_1_236' title='bbox 700 2999 757 3050; x_wconf 89' lang='lat' dir='ltr'>Vol.</span> <span class='ocrx_word' id='word_1_237' title='bbox 774 3010 803 3048; x_wconf 92' lang='lat'>11.</span> <span class='ocrx_word' id='word_1_238' title='bbox 818 3015 839 3050; x_wconf 90' lang='lat' dir='ltr'>c.</span> <span class='ocrx_word' id='word_1_239' title='bbox 853 3001 898 3060; x_wconf 76' lang='lat' dir='ltr'>rc).</span> <span class='ocrx_word' id='word_1_240' title='bbox 923 2999 1087 3062; x_wconf 79' lang='lat' dir='ltr'>municipali.</span> <span class='ocrx_word' id='word_1_241' title='bbox 1102 3013 1133 3050; x_wconf 89' lang='lat'>11.</span> <span class='ocrx_word' id='word_1_242' title='bbox 1147 3004 1168 3062; x_wconf 66' lang='grc' dir='ltr'>ἕ.</span> <span class='ocrx_word' id='word_1_243' title='bbox 1184 3013 1206 3066; x_wconf 84' lang='grc'>5,</span> <span class='ocrx_word' id='word_1_244' title='bbox 1222 3019 1247 3052; x_wconf 89' lang='lat' dir='ltr'>n.</span> 
     </span>
    </p>

    <p class='ocr_par' dir='ltr' id='par_1_9' title="bbox 218 3062 1256 3194">
     <span class='ocr_line' id='line_1_29' title="bbox 283 3062 1256 3131; baseline 0.002 -17"><span class='ocrx_word' id='word_1_245' title='bbox 283 3067 303 3126; x_wconf 67' lang='lat'>§-</span> <span class='ocrx_word' id='word_1_246' title='bbox 323 3064 364 3115; x_wconf 80' lang='grc'>87.</span> <span class='ocrx_word' id='word_1_247' title='bbox 399 3063 450 3114; x_wconf 82' lang='lat' dir='ltr'>hoo</span> <span class='ocrx_word' id='word_1_248' title='bbox 465 3062 568 3126; x_wconf 85' lang='lat' dir='ltr'>populo.</span> <span class='ocrx_word' id='word_1_249' title='bbox 608 3064 701 3114; x_wconf 86' lang='lat' dir='ltr'>“what</span> <span class='ocrx_word' id='word_1_250' title='bbox 718 3081 764 3114; x_wconf 88' lang='lat' dir='ltr'>can</span> <span class='ocrx_word' id='word_1_251' title='bbox 781 3066 813 3114; x_wconf 90' lang='lat' dir='ltr'>be</span> <span class='ocrx_word' id='word_1_252' title='bbox 831 3065 982 3115; x_wconf 90' lang='lat' dir='ltr'>maintained</span> <span class='ocrx_word' id='word_1_253' title='bbox 1003 3067 1063 3114; x_wconf 80' lang='lat' dir='ltr'>with</span> <span class='ocrx_word' id='word_1_254' title='bbox 1081 3083 1097 3114; x_wconf 88' lang='lat' dir='ltr'>a</span> <span class='ocrx_word' id='word_1_255' title='bbox 1109 3068 1191 3131; x_wconf 83' lang='lat' dir='ltr'>people</span> <span class='ocrx_word' id='word_1_256' title='bbox 1206 3068 1256 3116; x_wconf 83' lang='lat' dir='ltr'>like</span> 
     </span>
     <span class='ocr_line' id='line_1_30' title="bbox 218 3128 1133 3194; baseline -0.001 -12"><span class='ocrx_word' id='word_1_257' title='bbox 218 3146 278 3182; x_wconf 78' lang='lat' dir='ltr'>mers</span> <span class='ocrx_word' id='word_1_258' title='bbox 289 3130 359 3183; x_wconf 55' lang='grc' dir='ltr'>ἅτθ’</span> <span class='ocrx_word' id='word_1_259' title='bbox 377 3146 409 3180; x_wconf 89' lang='lat' dir='ltr'>an</span> <span class='ocrx_word' id='word_1_260' title='bbox 420 3129 528 3180; x_wconf 77' lang='lat' dir='ltr'>ablativo</span> <span class='ocrx_word' id='word_1_261' title='bbox 539 3128 569 3179; x_wconf 85' lang='lat' dir='ltr'>ol</span> <span class='ocrx_word' id='word_1_262' title='bbox 575 3128 758 3180; x_wconf 82' lang='lat' dir='ltr'>circumstance.</span> <span class='ocrx_word' id='word_1_263' title='bbox 795 3130 917 3194; x_wconf 79' lang='lat' dir='ltr'>(Madvig,</span> <span class='ocrx_word' id='word_1_264' title='bbox 931 3132 961 3180; x_wconf 86' lang='lat' dir='ltr'>L.</span> <span class='ocrx_word' id='word_1_265' title='bbox 979 3132 1007 3180; x_wconf 88' lang='lat' dir='ltr'>G.</span> <span class='ocrx_word' id='word_1_266' title='bbox 1021 3133 1041 3191; x_wconf 71' lang='grc'>5.</span> <span class='ocrx_word' id='word_1_267' title='bbox 1057 3133 1133 3192; x_wconf 87' lang='lat'><strong>277.).</strong></span> 
     </span>
    </p>

    <p class='ocr_par' dir='ltr' id='par_1_10' title="bbox 219 3193 1257 3390">
     <span class='ocr_line' id='line_1_31' title="bbox 284 3193 1247 3260; baseline 0.001 -14"><span class='ocrx_word' id='word_1_268' title='bbox 284 3193 372 3258; x_wconf 75' lang='lat' dir='ltr'>supro</span> <span class='ocrx_word' id='word_1_269' title='bbox 383 3198 451 3245; x_wconf 68' lang='lat' dir='ltr'>tuna</span> <span class='ocrx_word' id='word_1_270' title='bbox 492 3196 534 3244; x_wconf 83' lang='lat' dir='ltr'>&#39;‘i.</span> <span class='ocrx_word' id='word_1_271' title='bbox 546 3209 563 3244; x_wconf 88' lang='lat' dir='ltr'>e.</span> <span class='ocrx_word' id='word_1_272' title='bbox 584 3196 630 3259; x_wconf 82' lang='lat' dir='ltr'>qui</span> <span class='ocrx_word' id='word_1_273' title='bbox 647 3195 675 3244; x_wconf 81' lang='lat' dir='ltr'>in</span> <span class='ocrx_word' id='word_1_274' title='bbox 694 3196 744 3244; x_wconf 81' lang='lat' dir='ltr'>tuis</span> <span class='ocrx_word' id='word_1_275' title='bbox 762 3195 792 3244; x_wconf 84' lang='lat' dir='ltr'>de</span> <span class='ocrx_word' id='word_1_276' title='bbox 806 3197 864 3258; x_wconf 85' lang='lat' dir='ltr'>Rep.</span> <span class='ocrx_word' id='word_1_277' title='bbox 885 3197 954 3244; x_wconf 83' lang='lat' dir='ltr'>libris</span> <span class='ocrx_word' id='word_1_278' title='bbox 971 3195 1105 3260; x_wconf 49' lang='lat' dir='ltr'>loquatur?</span> <span class='ocrx_word' id='word_1_279' title='bbox 1138 3197 1247 3247; x_wconf 89' lang='lat' dir='ltr'>Turneb.</span> 
     </span>
     <span class='ocr_line' id='line_1_32' title="bbox 220 3259 1257 3313; baseline 0.002 -2"><span class='ocrx_word' id='word_1_280' title='bbox 220 3260 276 3311; x_wconf 88' lang='lat' dir='ltr'>The</span> <span class='ocrx_word' id='word_1_281' title='bbox 287 3259 397 3311; x_wconf 88' lang='lat' dir='ltr'>Tribune</span> <span class='ocrx_word' id='word_1_282' title='bbox 415 3259 486 3310; x_wconf 91' lang='lat' dir='ltr'>Briso</span> <span class='ocrx_word' id='word_1_283' title='bbox 497 3259 518 3310; x_wconf 89' lang='lat' dir='ltr'>is</span> <span class='ocrx_word' id='word_1_284' title='bbox 534 3260 589 3309; x_wconf 88' lang='lat' dir='ltr'>said</span> <span class='ocrx_word' id='word_1_285' title='bbox 600 3268 626 3310; x_wconf 91' lang='lat' dir='ltr'>to</span> <span class='ocrx_word' id='word_1_286' title='bbox 644 3260 709 3309; x_wconf 85' lang='lat' dir='ltr'>have</span> <span class='ocrx_word' id='word_1_287' title='bbox 719 3259 865 3309; x_wconf 87' lang='lat' dir='ltr'>withdrawn</span> <span class='ocrx_word' id='word_1_288' title='bbox 882 3260 921 3309; x_wconf 91' lang='lat' dir='ltr'>his</span> <span class='ocrx_word' id='word_1_289' title='bbox 932 3268 982 3310; x_wconf 79' lang='lat' dir='ltr'>veto</span> <span class='ocrx_word' id='word_1_290' title='bbox 1000 3269 1026 3310; x_wconf 88' lang='lat' dir='ltr'>at</span> <span class='ocrx_word' id='word_1_291' title='bbox 1037 3262 1079 3311; x_wconf 89' lang='lat' dir='ltr'>the</span> <span class='ocrx_word' id='word_1_292' title='bbox 1099 3261 1209 3312; x_wconf 88' lang='lat' dir='ltr'>instance</span> <span class='ocrx_word' id='word_1_293' title='bbox 1226 3263 1257 3313; x_wconf 83' lang='lat' dir='ltr'>of</span> 
     </span>
     <span class='ocr_line' id='line_1_33' title="bbox 219 3325 1022 3390; baseline -0.002 -12"><span class='ocrx_word' id='word_1_294' title='bbox 219 3325 362 3378; x_wconf 78' lang='lat' dir='ltr'>Ahicanust</span> <span class='ocrx_word' id='word_1_295' title='bbox 373 3341 412 3390; x_wconf 90' lang='lat' dir='ltr'>cp.</span> <span class='ocrx_word' id='word_1_296' title='bbox 426 3325 501 3376; x_wconf 79' lang='lat' dir='ltr'>Brut.</span> <span class='ocrx_word' id='word_1_297' title='bbox 516 3335 581 3375; x_wconf 77' lang='lat' dir='ltr'>xxv,</span> <span class='ocrx_word' id='word_1_298' title='bbox 596 3335 636 3387; x_wconf 80' lang='lat'>97.</span> <span class='ocrx_word' id='word_1_299' title='bbox 672 3326 832 3386; x_wconf 88' lang='lat' dir='ltr'>(Mommsen,</span> <span class='ocrx_word' id='word_1_300' title='bbox 846 3325 874 3374; x_wconf 92' lang='lat' dir='ltr'>B.</span> <span class='ocrx_word' id='word_1_301' title='bbox 889 3337 926 3375; x_wconf 83' lang='lat' dir='ltr'>lv.</span> <span class='ocrx_word' id='word_1_302' title='bbox 942 3327 963 3376; x_wconf 75' lang='lat' dir='ltr'>c.</span> <span class='ocrx_word' id='word_1_303' title='bbox 977 3327 1022 3387; x_wconf 88' lang='lat'>2.).</span> 
     </span>
    </p>

    <p class='ocr_par' dir='ltr' id='par_1_11' title="bbox 219 3388 1396 3586">
     <span class='ocr_line' id='line_1_34' title="bbox 283 3388 1253 3454; baseline 0.002 -14"><span class='ocrx_word' id='word_1_304' title='bbox 283 3389 435 3452; x_wconf 69' lang='lat' dir='ltr'>prwetabin.</span> <span class='ocrx_word' id='word_1_305' title='bbox 475 3392 531 3441; x_wconf 90' lang='lat' dir='ltr'>“be</span> <span class='ocrx_word' id='word_1_306' title='bbox 542 3388 694 3454; x_wconf 86' lang='lat' dir='ltr'>responsible</span> <span class='ocrx_word' id='word_1_307' title='bbox 705 3391 743 3439; x_wconf 84' lang='lat' dir='ltr'>ior</span> <span class='ocrx_word' id='word_1_308' title='bbox 753 3389 774 3440; x_wconf 94' lang='lat' dir='ltr'>it</span> <span class='ocrx_word' id='word_1_309' title='bbox 782 3388 806 3450; x_wconf 86' lang='lat'>;&#39;’</span> <span class='ocrx_word' id='word_1_310' title='bbox 823 3406 862 3454; x_wconf 90' lang='lat' dir='ltr'>cp.</span> <span class='ocrx_word' id='word_1_311' title='bbox 876 3392 979 3440; x_wconf 85' lang='lat' dir='ltr'>adDiv.</span> <span class='ocrx_word' id='word_1_312' title='bbox 994 3404 1033 3441; x_wconf 82' lang='lat' dir='ltr'>VI.</span> <span class='ocrx_word' id='word_1_313' title='bbox 1046 3391 1063 3440; x_wconf 87' lang='lat' dir='ltr'>i.</span> <span class='ocrx_word' id='word_1_314' title='bbox 1077 3405 1101 3454; x_wconf 83' lang='lat'>4</span> <span class='ocrx_word' id='word_1_315' title='bbox 1141 3393 1253 3442; x_wconf 85' lang='lat' dir='ltr'>“Simus</span> 
     </span>
     <span class='ocr_line' id='line_1_35' title="bbox 220 3456 1396 3522; baseline 0.003 -18"><span class='ocrx_word' id='word_1_316' title='bbox 220 3457 299 3522; x_wconf 50' lang='grc' dir='ltr'>ἱρέων</span> <span class='ocrx_word' id='word_1_317' title='bbox 315 3472 343 3504; x_wconf 86' lang='lat' dir='ltr'>ea</span> <span class='ocrx_word' id='word_1_318' title='bbox 360 3461 443 3515; x_wconf 65' lang='lat' dir='ltr'>nante,</span> <span class='ocrx_word' id='word_1_319' title='bbox 463 3471 538 3521; x_wconf 66' lang='lat' dir='ltr'>meam</span> <span class='ocrx_word' id='word_1_320' title='bbox 557 3456 658 3505; x_wconf 83' lang='lat' dir='ltr'>ratioet</span> <span class='ocrx_word' id='word_1_321' title='bbox 672 3457 763 3504; x_wconf 61' lang='lat' dir='ltr'>aazias</span> <span class='ocrx_word' id='word_1_322' title='bbox 775 3456 925 3520; x_wconf 69' lang='lat' dir='ltr'>praescrihit,</span> <span class='ocrx_word' id='word_1_323' title='bbox 945 3464 974 3506; x_wconf 84' lang='lat' dir='ltr'>ut</span> <span class='ocrx_word' id='word_1_324' title='bbox 990 3457 1058 3506; x_wconf 76' lang='lat' dir='ltr'>nihil</span> <span class='ocrx_word' id='word_1_325' title='bbox 1070 3458 1099 3506; x_wconf 81' lang='lat' dir='ltr'>in</span> <span class='ocrx_word' id='word_1_326' title='bbox 1115 3457 1168 3506; x_wconf 83' lang='lat' dir='ltr'>vita</span> <span class='ocrx_word' id='word_1_327' title='bbox 1184 3459 1252 3507; x_wconf 62' lang='lat' dir='ltr'>nobas</span> <span class='ocrx_word' id='word_1_328' title='bbox 1395 3513 1396 3516; x_wconf 8' lang='grc' dir='ltr'><strong>Ἴ</strong></span> 
     </span>
     <span class='ocr_line' id='line_1_36' title="bbox 219 3518 1396 3586; baseline -0.002 -16"><span class='ocrx_word' id='word_1_329' title='bbox 219 3519 405 3586; x_wconf 62' lang='lat' dir='ltr'>muudum</span> <span class='ocrx_word' id='word_1_330' title='bbox 411 3527 510 3585; x_wconf 75' lang='lat' dir='ltr'>praeter</span> <span class='ocrx_word' id='word_1_331' title='bbox 519 3521 617 3584; x_wconf 74' lang='lat' dir='ltr'>culpam</span> <span class='ocrx_word' id='word_1_332' title='bbox 623 3518 765 3585; x_wconf 78' lang='lat' dir='ltr'>putemru.’&#39;</span> <span class='ocrx_word' id='word_1_333' title='bbox 1395 3521 1396 3568; x_wconf 84' lang='lat' dir='ltr'>l</span> 
     </span>
    </p>

    <p class='ocr_par' dir='ltr' id='par_1_12' title="bbox 218 3585 1396 3911">
     <span class='ocr_line' id='line_1_37' title="bbox 284 3585 1396 3651; baseline 0.001 -16"><span class='ocrx_word' id='word_1_334' title='bbox 284 3587 420 3648; x_wconf 71' lang='lat' dir='ltr'>potestate.</span> <span class='ocrx_word' id='word_1_335' title='bbox 455 3601 478 3635; x_wconf 85' lang='lat' dir='ltr'>v.</span> <span class='ocrx_word' id='word_1_336' title='bbox 493 3587 509 3636; x_wconf 93' lang='lat' dir='ltr'>l.</span> <span class='ocrx_word' id='word_1_337' title='bbox 519 3591 664 3650; x_wconf 67' lang='lat' dir='ltr'>potantem.</span> <span class='ocrx_word' id='word_1_338' title='bbox 700 3585 756 3635; x_wconf 89' lang='lat' dir='ltr'>The</span> <span class='ocrx_word' id='word_1_339' title='bbox 767 3585 911 3648; x_wconf 85' lang='lat' dir='ltr'>accusative,</span> <span class='ocrx_word' id='word_1_340' title='bbox 925 3585 951 3635; x_wconf 93' lang='lat' dir='ltr'>in</span> <span class='ocrx_word' id='word_1_341' title='bbox 963 3585 1063 3651; x_wconf 81' lang='lat' dir='ltr'>phrases</span> <span class='ocrx_word' id='word_1_342' title='bbox 1074 3587 1103 3636; x_wconf 81' lang='lat' dir='ltr'>ol</span> <span class='ocrx_word' id='word_1_343' title='bbox 1117 3587 1167 3636; x_wconf 92' lang='lat' dir='ltr'>this</span> <span class='ocrx_word' id='word_1_344' title='bbox 1178 3587 1247 3648; x_wconf 84' lang='lat' dir='ltr'>kind,</span> <span class='ocrx_word' id='word_1_345' title='bbox 1395 3603 1396 3608; x_wconf 51' lang='lat'>¹</span> 
     </span>
     <span class='ocr_line' id='line_1_38' title="bbox 220 3650 1396 3716; baseline -0.004 -13"><span class='ocrx_word' id='word_1_346' title='bbox 220 3651 242 3703; x_wconf 88' lang='lat' dir='ltr'>is</span> <span class='ocrx_word' id='word_1_347' title='bbox 261 3650 290 3702; x_wconf 84' lang='lat' dir='ltr'>of</span> <span class='ocrx_word' id='word_1_348' title='bbox 306 3665 364 3714; x_wconf 86' lang='lat' dir='ltr'>very</span> <span class='ocrx_word' id='word_1_349' title='bbox 382 3650 497 3701; x_wconf 85' lang='lat' dir='ltr'>doubtfirl</span> <span class='ocrx_word' id='word_1_350' title='bbox 516 3651 640 3715; x_wconf 82' lang='lat' dir='ltr'>authority</span> <span class='ocrx_word' id='word_1_351' title='bbox 652 3650 774 3716; x_wconf 89' lang='lat' dir='ltr'>(Madvig,</span> <span class='ocrx_word' id='word_1_352' title='bbox 788 3650 819 3702; x_wconf 84' lang='lat' dir='ltr'>L.</span> <span class='ocrx_word' id='word_1_353' title='bbox 836 3651 864 3700; x_wconf 79' lang='lat'>0.</span> <span class='ocrx_word' id='word_1_354' title='bbox 885 3653 905 3711; x_wconf 83' lang='lat'>§.</span> <span class='ocrx_word' id='word_1_355' title='bbox 920 3663 974 3714; x_wconf 76' lang='lat' dir='ltr'>23ta</span> <span class='ocrx_word' id='word_1_356' title='bbox 990 3653 1042 3701; x_wconf 90' lang='lat' dir='ltr'>obs.</span> <span class='ocrx_word' id='word_1_357' title='bbox 1057 3665 1080 3701; x_wconf 84' lang='lat'>2.</span> <span class='ocrx_word' id='word_1_358' title='bbox 1086 3654 1102 3713; x_wconf 91' lang='grc'>).</span> <span class='ocrx_word' id='word_1_359' title='bbox 1138 3653 1248 3702; x_wconf 81' lang='lat' dir='ltr'>Turneb.</span> <span class='ocrx_word' id='word_1_360' title='bbox 1395 3683 1396 3698; x_wconf 48' lang='lat'>1</span> 
     </span>
     <span class='ocr_line' id='line_1_39' title="bbox 221 3709 1396 3782; baseline 0 -14"><span class='ocrx_word' id='word_1_361' title='bbox 221 3733 261 3782; x_wconf 87' lang='lat' dir='ltr'>cp.</span> <span class='ocrx_word' id='word_1_362' title='bbox 274 3715 311 3765; x_wconf 84' lang='lat' dir='ltr'>ad</span> <span class='ocrx_word' id='word_1_363' title='bbox 318 3716 391 3766; x_wconf 66' lang='lat' dir='ltr'>Arre.</span> <span class='ocrx_word' id='word_1_364' title='bbox 407 3726 425 3764; x_wconf 88' lang='lat'>1.</span> <span class='ocrx_word' id='word_1_365' title='bbox 439 3715 489 3765; x_wconf 88' lang='lat' dir='ltr'>xvi.</span> <span class='ocrx_word' id='word_1_366' title='bbox 502 3715 525 3766; x_wconf 88' lang='grc'>6.</span> <span class='ocrx_word' id='word_1_367' title='bbox 565 3716 639 3765; x_wconf 85' lang='lat' dir='ltr'>“Rei</span> <span class='ocrx_word' id='word_1_368' title='bbox 686 3717 745 3765; x_wconf 79' lang='lat' dir='ltr'>licae</span> <span class='ocrx_word' id='word_1_369' title='bbox 761 3723 853 3765; x_wconf 79' lang='lat' dir='ltr'>statum</span> <span class='ocrx_word' id='word_1_370' title='bbox 864 3717 944 3777; x_wconf 83' lang='lat' dir='ltr'>illum,</span> <span class='ocrx_word' id='word_1_371' title='bbox 957 3732 1027 3781; x_wconf 81' lang='lat' dir='ltr'>quem</span> <span class='ocrx_word' id='word_1_372' title='bbox 1039 3723 1067 3766; x_wconf 80' lang='lat' dir='ltr'>tu</span> <span class='ocrx_word' id='word_1_373' title='bbox 1079 3733 1129 3766; x_wconf 76' lang='lat' dir='ltr'>meo</span> <span class='ocrx_word' id='word_1_374' title='bbox 1143 3718 1250 3778; x_wconf 78' lang='lat' dir='ltr'>consilio,</span> <span class='ocrx_word' id='word_1_375' title='bbox 1395 3709 1396 3768; x_wconf 85' lang='lat' dir='ltr'>l</span> 
     </span>
     <span class='ocr_line' id='line_1_40' title="bbox 219 3779 1396 3848; baseline 0.003 -17"><span class='ocrx_word' id='word_1_376' title='bbox 219 3797 259 3848; x_wconf 75' lang='lat' dir='ltr'>ego</span> <span class='ocrx_word' id='word_1_377' title='bbox 275 3781 359 3831; x_wconf 60' lang='lat' dir='ltr'>divano</span> <span class='ocrx_word' id='word_1_378' title='bbox 375 3779 548 3846; x_wconf 80' lang='lat' dir='ltr'>confimatum</span> <span class='ocrx_word' id='word_1_379' title='bbox 562 3788 613 3844; x_wconf 79' lang='lat' dir='ltr'>put</span> <span class='ocrx_word' id='word_1_380' title='bbox 659 3797 691 3842; x_wconf 88' lang='lat' dir='ltr'>m,</span> <span class='ocrx_word' id='word_1_381' title='bbox 711 3782 757 3846; x_wconf 83' lang='lat' dir='ltr'>qui</span> <span class='ocrx_word' id='word_1_382' title='bbox 774 3783 888 3830; x_wconf 81' lang='lat' dir='ltr'>bonorum</span> <span class='ocrx_word' id='word_1_383' title='bbox 908 3783 1019 3832; x_wconf 82' lang='lat' dir='ltr'>omnium</span> <span class='ocrx_word' id='word_1_384' title='bbox 1039 3784 1207 3834; x_wconf 63' lang='lat' dir='ltr'>coniurabant</span> <span class='ocrx_word' id='word_1_385' title='bbox 1231 3789 1254 3834; x_wconf 77' lang='lat' dir='ltr'>tt</span> <span class='ocrx_word' id='word_1_386' title='bbox 1395 3807 1396 3810; x_wconf 43' lang='lat'>¹</span> 
     </span>
     <span class='ocr_line' id='line_1_41' title="bbox 218 3845 969 3911; baseline -0.004 -12"><span class='ocrx_word' id='word_1_387' title='bbox 218 3846 361 3900; x_wconf 68' lang='lat' dir='ltr'>amtoniate</span> <span class='ocrx_word' id='word_1_388' title='bbox 368 3847 510 3896; x_wconf 79' lang='lat' dir='ltr'>consulatus</span> <span class='ocrx_word' id='word_1_389' title='bbox 521 3847 570 3896; x_wconf 81' lang='lat' dir='ltr'>mei</span> <span class='ocrx_word' id='word_1_390' title='bbox 576 3845 646 3906; x_wconf 67' lang='lat' dir='ltr'>fiam</span> <span class='ocrx_word' id='word_1_391' title='bbox 655 3847 809 3911; x_wconf 73' lang='lat' dir='ltr'>etflendatus</span> <span class='ocrx_word' id='word_1_392' title='bbox 818 3845 969 3896; x_wconf 79' lang='lat' dir='ltr'>videbatur.”</span> 
     </span>
    </p>
   </div>
   <div class='ocr_carea' id='block_1_4' title="bbox 0 0 1424 4320">
    <p class='ocr_par' dir='ltr' id='par_1_13' title="bbox 0 0 1424 4320">
     <span class='ocr_line' id='line_1_42' title="bbox 0 0 1424 4320; baseline 0 0"><span class='ocrx_word' id='word_1_393' title='bbox 0 0 1424 4320; x_wconf 95' lang='lat' dir='ltr'> </span> 
     </span>
    </p>
   </div>
  </div>
 </body>
</html>
