2818 4320
547 293 869 377 neruorum.
1172 323 1215 393 97

155 462 337 530 confirmat.
383 465 473 532 Nam
498 468 589 551 prius
614 488 715 552 quarn
742 470 777 534 in
801 491 839 535 os
863 471 985 535 iniecta
1008 469 1107 553 gleba
1132 477 1192 547 est,

155 564 248 632 locus
263 567 399 652 ille,ubi
420 579 603 636 crematum
628 581 679 637 est
700 594 828 657 corpus,
855 572 935 638 nihil
961 573 1064 638 habet
1087 572 1194 657 religi-

81 705 84 710 ·
154 670 249 735 onis:
292 657 413 736 iniecta
447 672 546 756 gleba
575 675 732 752 tumulus,
762 676 819 740 ubi
853 676 1012 741 humatus
1053 683 1112 753 est,
1149 696 1193 740 ex

153 772 253 856 gleba
277 784 423 853 vocatur,
450 799 490 842 ac
516 787 588 843 turn
614 779 758 863 denique
796 779 902 846 multa
932 779 1084 864 religiosa
1123 780 1194 845 iura

141 877 382 960 conplectitur.
429 880 549 964 Itaque
563 882 597 945 in
613 902 662 959 eo,
679 883 736 967 qui
752 883 785 946 in
801 904 885 948 nave
907 892 1053 960 necatus,
1073 883 1194 947 deinde
1218 889 1234 964 ς’

155 980 189 1043 in
218 1001 310 1045 mare
336 982 501 1065 proiectus
528 994 624 1062 esset,
648 985 793 1051 decrevit
818 985 851 1050 P.
875 987 1007 1051 Mu'cius
1034 985 1194 1050 familiam

153 1104 283 1167 puram,
309 1086 400 1169 quod
417 1101 465 1151 'os
489 1085 590 1171 supra
616 1097 737 1153 terram
761 1109 830 1154 non
856 1097 1026 1154 exstaret:
1058 1109 1194 1172 porcam

152 1187 267 1251 heredi
292 1209 364 1253 esse
387 1198 593 1255 contractam
618 1200 652 1256 et
675 1188 847 1257 habendas
868 1192 1014 1257 triduum
1039 1192 1135 1257 serias
1159 1201 1194 1257 et

153 1311 257 1375 porco
272 1291 396 1357 semina
411 1293 578 1376 piaculum
592 1294 794 1377 faciundum
804 1319 821 1372 ,·
846 1296 874 1360 si
889 1295 923 1360 in
939 1295 1021 1360 mari
1044 1304 1194 1360 mortuus

153 1403 251 1470 esset,
267 1395 386 1460 eadem
401 1397 716 1480 praeterpiaculum
731 1407 766 1463 et
780 1397 886 1463 ferias.
1219 1415 1260 1465 10

220 1497 356 1565 XXIII.
412 1503 460 1583 58.
504 1499 577 1564 Art.
614 1500 724 1566 Video
748 1522 835 1585 quae
862 1502 930 1566 sint
958 1501 992 1566 in
1021 1500 1193 1585 pontificio

154 1601 245 1668 iure:
267 1611 319 1667 set
334 1599 458 1687 quaero
473 1604 672 1686 ecquidnam
688 1605 733 1669 sit
747 1605 781 1669 in
797 1604 935 1688 legibus,
975 1629 977 1634 ⁴
995 1605 1046 1670 M.
1084 1604 1193 1670 Pauca

152 1726 243 1783 sane,
264 1707 350 1783 Tite,
373 1715 416 1784 et,
440 1715 478 1771 ut
503 1708 651 1785 arbitror,
680 1728 748 1772 non
771 1709 886 1792 ignota
909 1709 1013 1774 vobis.
1059 1708 1127 1775 Sed
1154 1730 1194 1774 ea

152 1805 220 1874 non
247 1818 317 1873 tam
338 1810 383 1873 ad
409 1809 602 1900 religionem
628 1819 790 1894 spectant,
820 1833 922 1897 quarn
945 1813 988 1877 ad
1011 1813 1061 1878 ius
1083 1802 1205 1896 sepul·¹

150 1933 289 1978 crorum.
322 1918 515 1986 HomIrrem
530 1925 723 2002 mortuum,
740 1916 849 1998 inquit
864 1916 922 1980 lex
937 1916 971 1980 in
987 1929 1044 1980 ΧΗ
1060 1916 1191 1994 tabulis,
1218 1929 1254 1998 ις

151 2021 189 2087 in
211 2022 299 2088 urbe
323 2041 376 2090 ne·
391 2024 543 2105 sepelito
567 2042 658 2091 neve
682 2025 788 2091 urito.
835 2019 946 2085 Credo
974 2018 1028 2084 vel
1057 2029 1194 2104 propter

218 2182 455 2246 tumulus-gleba.
496 2201 511 2234 a
540 2184 604 2250 conj.
630 2185 660 2235 of
679 2185 790 2249 Madvig.
826 2184 859 2234 A.
884 2184 913 2233 B.
938 2184 1002 2234 have
1026 2183 1138 2234 tumulis
1165 2187 1194 2236 ot

152 2247 305 2298 humatuse
319 2250 347 2300 et
362 2249 458 2311 gleba.
490 2250 520 2300 C.
539 2252 598 2300 tum
614 2251 642 2300 et
656 2249 714 2300 illu
732 2249 857 2298 humatus
875 2249 916 2298 eet
933 2251 962 2300 et
978 2249 1055 2310 glebo
1071 2250 1188 2300 vocatum

153 2313 176 2362 F
177 2313 244 2364 eldh.
264 2315 328 2364 edits
342 2315 470 2364 ‘trrmulur
481 2316 509 2376 ir,
529 2317 572 2365 ubi
589 2316 707 2364 humatur
723 2322 763 2375 est,
784 2321 886 2364 vocatur
892 2312 913 2374 ;’
935 2313 974 2363 his
990 2314 1089 2364 remark
1099 2315 1192 2376 “Quis

151 2379 219 2428 enim
230 2379 296 2428 illud
299 2380 433 2445 ferendum
447 2387 525 2446 putet,
544 2381 610 2446 quod
624 2381 777 2444 sepulclrmm
794 2380 834 2428 vel
848 2379 960 2428 tumulus
978 2378 1055 2440 gleba
1071 2379 1192 2431 vocatur?

149 2445 333 2494 Monachorum
344 2445 489 2512 honesturn
500 2447 679 2496 Romanorum.
684 2443 698 2467 ’¹
710 2445 838 2506 indicates,
853 2445 866 2494 I
878 2444 958 2506 think,
973 2445 1036 2494 both
1052 2445 1094 2495 the
1110 2445 1190 2510 origin

151 2510 202 2559 and
214 2508 264 2558 the*
274 2510 445 2576 hopelessness
457 2511 486 2560 of
499 2510 541 2561 the
553 2510 702 2577 corruption.
739 2511 776 2560 At
786 2509 829 2560 the
846 2525 915 2560 same
932 2510 992 2560 time
1010 2525 1059 2560 one
1074 2510 1162 2575 might,
1177 2511 1191 2560 I

151 2574 234 2636 think,
247 2575 365 2626 translate
383 2576 427 2626 the
446 2576 549 2642 reading
568 2576 596 2626 of
612 2576 640 2626 C.
665 2576 780 2638 (without
797 2575 922 2640 changing
941 2574 1000 2625 illis
1015 2575 1069 2626 into
1086 2577 1143 2638 illic,
1162 2591 1191 2627 as

150 2639 251 2690 Vahlen
262 2641 346 2702 doeslz
361 2641 448 2692 “aster
459 2642 501 2691 the
511 2641 582 2692 earth
592 2641 637 2692 has
655 2642 720 2691 been
730 2642 829 2690 throwu
845 2657 914 2705 upon
924 2640 951 2701 it,
966 2642 1034 2702 then,
1047 2657 1076 2690 as
1086 2641 1140 2707 ‘hv'
1154 2648 1191 2692 too
1248 2697 1249 2702 ,

154 2704 208 2768 (the
219 2705 360 2770 pontifices)
371 2706 435 2767 hold,
448 2704 480 2757 he
492 2707 513 2756 is
523 2707 611 2758 buried
622 2708 672 2756 and
683 2707 726 2758 the
738 2705 808 2756 earth
818 2706 839 2756 is
850 2706 931 2756 called
942 2706 991 2767 (his
1001 2705 1110 2769 tombl.’'

217 2773 388 2821 contractum.
424 2773 444 2832 §-
461 2781 499 2836 55.
513 2787 539 2822 n.
576 2773 608 2821 In
619 2771 662 2822 the
672 2787 728 2822 case
739 2771 768 2822 of
781 2773 823 2822 the
839 2788 926 2837 corpse
948 2773 1007 2838 ‘qur'
1024 2773 1052 2821 in
1071 2770 1150 2834 nave,’
1170 2771 1190 2822 it

150 2849 203 2950 lgraus
214 2836 436 2952 p⁰⁵⁵ib12dt⁰lffl⁸
448 2836 669 2952 peffotrinedusrome
686 2853 817 2930 ceremony
827 2837 968 2952 ⁰ve·‘‚i{h9¹’
986 2845 1012 2888 at
1030 2853 1079 2914 any
1089 2843 1190 2950 ηῒςὲιῒο

184 2916 308 2951 vereserv
351 2917 367 2952 a
411 2916 505 2964 ne31n
545 2918 585 2953 eo
614 2918 708 2953 ercase
736 2919 882 2965 strumam,
933 2919 955 2954 rs
971 2918 1137 2968 wasrmpossr
1164 2917 1186 2953 e.

152 2965 245 3016 Moser.

215 3029 352 3093 piaculum
372 3029 535 3082 faciundum.
573 3032 652 3082 Halm
670 3032 733 3082 after
753 3031 853 3082 Marini.
890 3044 947 3082 MSS.
961 3032 1026 3082 have
1042 3029 1100 3094 puli
1114 3030 1155 3079 “i.
1166 3046 1185 3080 e.

151 3095 194 3145 the
203 3095 259 3146 heir
269 3095 351 3146 incurs
360 3095 387 3157 ;”
406 3097 487 3147 which
499 3097 598 3147 Vahlen
609 3097 719 3158 defends,
734 3097 854 3163 although
865 3098 885 3147 it
896 3097 1007 3146 involves
1019 3112 1051 3146 an
1062 3095 1189 3146 awkward

151 3160 248 3226 change
259 3162 288 3211 of
295 3163 470 3212 construction.
506 3163 578 3213 With
584 3171 658 3227 porco
664 3164 766 3228 femina
777 3163 886 3214 Turneb.
900 3178 982 3226 comp.
996 3162 1071 3226 lupus
1076 3162 1186 3226 semina,

151 3225 248 3276 Ennius
260 3228 310 3290 (ap.
324 3227 443 3290 Quinctil.
456 3228 476 3278 Ι.
492 3226 537 3289 6.),
1023 3251 1024 3254 ’
1121 3277 1124 3282 .

216 3291 315 3343 eudem.
352 3293 380 3342 If
387 3309 425 3342 we
437 3300 525 3358 except
530 3294 660 3358 piaculum
671 3295 784 3357 etferias,
798 3292 865 3342 what
876 3291 1001 3342 remeius?
1019 3290 1078 3341 asks
1098 3290 1185 3342 Orelli.

151 3355 257 3423 Madvig
276 3373 332 3444 says
352 3358 406 3407 that
420 3357 513 3407 eudem
532 3359 607 3408 refers
625 3359 752 3424 generally
771 3365 797 3407 to
814 3358 856 3407 the
873 3358 959 3407 decree
970 3357 987 3406 i.
1002 3373 1020 3406 e.
1037 3357 1188 3421 “firmiliam

144 3428 241 3499 pueram
258 3421 317 3472 σφ’
351 3423 422 3474 With
437 3424 533 3473 Gtrenz
551 3425 564 3473 1
582 3423 655 3473 think
666 3424 720 3473 that
732 3423 862 3488 pauculum
873 3423 894 3472 is
905 3438 920 3471 a
931 3421 1024 3487 special
1034 3429 1185 3483 atonement,

150 3487 301 3603 rgroalgldition
312 3495 339 3538 to
356 3487 398 3538 the
413 3490 498 3554 yearly
509 3488 618 3539 sacrifice
636 3489 721 3552 (porca
739 3489 871 3549 contracta)
890 3486 973 3536 which
991 3487 1012 3536 is
1029 3487 1144 3538 incurred
1161 3488 1188 3538 in

186 3561 196 3603 t
225 3568 302 3603 cases.
467 3581 472 3593 ·

214 3617 235 3678 ἓ.
250 3617 292 3669 58.
312 3617 476 3681 ecquidnam.
496 3619 591 3669 Davies
601 3617 663 3668 aster
673 3617 755 3682 Aldus
766 3635 774 3678 ;
784 3617 903 3682 quidnam
916 3617 1011 3678 Halm5
1022 3629 1081 3668 Mss.
1092 3617 1156 3670 have
1167 3624 1189 3668 et

149 3683 279 3748 quidnam.
315 3684 384 3734 Bake
407 3683 477 3750 aptly
504 3683 631 3734 remarks:
660 3684 744 3733 “huic
760 3681 948 3744 (sequium),
964 3684 1051 3749 optime
1066 3685 1189 3749 respondet

127 3773 128 3778 =
152 3749 246 3813 ‘pauca
257 3746 272 3798 ι’
288 3749 359 3798 alren
370 3749 517 3812 (quidnam)
528 3766 566 3798 res
595 3749 718 3800 ndmdum
729 3755 788 3809 erat,
802 3749 865 3812 quid
872 3746 952 3798 essu.'’

150 3877 174 3928 E
214 3813 268 3930 utel.
288 3814 395 3876 “evem’
410 3814 462 3865 ‘ior
473 3757 613 3881 exemp&
644 3815 771 3879 “exmplr'
779 3830 861 3876 curua,
875 3820 994 3864 utunum
1004 3813 1047 3864 hoc
1057 3811 1187 3879 ‹rſj'eramst'

174 3893 230 3929 mes
719 3919 721 3922 .

1071 3957 1089 3993 u
