2754 4322
513 305 583 375 DE
620 303 848 372 LEGIBUS.
1132 321 1171 386 33

135 463 326 542 sunt-,sed
341 484 399 531 eos
414 464 545 550 agitant
559 466 828 549 insectanturque
842 465 955 553 iuriae,
970 483 1038 532 non
1052 465 1171 532 arden·

131 565 221 632 tibus
251 568 366 645 taedis,
395 569 482 634 sicut
506 568 541 632 in
565 567 693 646 fabulis,
714 568 775 634 sed
801 589 926 652 angore
947 569 1170 636 conscientiae

133 668 324 755 fraudisque
338 671 493 736 cruciatu.
538 669 639 754 Quod
654 671 683 735 si
693 670 848 738 homines
864 672 908 737 ab
922 673 1040 738 iniuria
1053 693 1170 757 poena,

133 777 201 838 non
216 782 334 839 natura
349 794 460 839 arcere
479 772 625 850 deberet,
639 793 804 857 quaenam
819 775 1009 841 sollicitudo
1030 785 1169 842 vexaret

132 875 253 960 impios
284 876 419 942 sublato
456 875 693 960 suppliciorum
723 878 838 942 metu?
875 899 1016 963 quorum
1054 888 1168 948 tamen
1214 893 1230 960 5

131 1000 232 1044 nemo
258 988 328 1044 tam
351 978 465 1044 audax
487 999 647 1063 umquam
676 979 747 1058 fuit,
773 980 854 1063 quin
878 990 938 1047 aut
962 983 1122 1051 abnueret
1147 1003 1168 1051 a

129 1103 168 1148 se
182 1082 397 1148 commissum
419 1081 632 1148 esse'facinus
654 1091 714 1152 aut
728 1083 805 1148 iusti
820 1084 872 1148 sui
894 1083 1017 1150 doloris
1030 1106 1166 1152 causam

129 1185 284 1270 aliquam¹
306 1185 447 1268 fingeret
475 1185 769 1270 defensionemque
798 1185 951 1252 facinoris
980 1208 1001 1252 a
1030 1197 1168 1254 naturae

129 1289 200 1353 iure
215 1289 328 1372 aliquo
348 1296 529 1372 quaereret
574 1289 671 1372 Quae
685 1289 713 1354 si
735 1288 903 1373 appellare
917 1288 1052 1355 audent·
1064 1291 1166 1374 impii,

131 1413 200 1475 quo
225 1391 363 1458 tandem
388 1393 500 1458 studio
513 1393 664 1459 colentur
686 1413 707 1458 a
732 1392 855 1458 bonis?
877 1392 978 1476 Quod
994 1393 1022 1457 si
1047 1413 1164 1477 poena,
1192 1412 1230 1458 10

130 1495 160 1562 si
189 1503 299 1561 metus
334 1495 494 1580 supplicii,
531 1516 598 1563 non
635 1497 710 1581 ipsa
737 1496 911 1580 turpitudo
941 1495 1086 1562 deterret
1122 1496 1167 1562 ab

129 1598 286 1665 iniuriosa
310 1599 558 1683 facinerosaque
579 1600 657 1678 vita,
686 1621 786 1664 nemo
812 1608 864 1664 est
892 1599 1034 1666 iniustus
1062 1607 1165 1684 atque

128 1701 252 1767 incauti
267 1703 378 1787 potius
391 1702 537 1768 habendi
552 1712 631 1769 sunt
645 1703 796 1787 improbi.
847 1718 898 1787 41.
943 1703 1033 1769 Tum
1051 1712 1164 1770 autem

127 1805 186 1890 qui
215 1827 283 1872 non
305 1807 379 1891 ipso
406 1806 554 1873 honesto
585 1827 757 1873 movemur
779 1815 818 1873 ut
851 1805 930 1872 boni
959 1807 1020 1874 viri
1048 1808 1161 1884 simus,

127 1909 188 1974 sed
216 1910 361 1976 utilitate
389 1909 502 1994 aliqua
531 1919 634 1995 atque
668 1910 785 1988 fructu,
811 1909 922 1976 callidi
945 1932 1068 1989 sumus,
1095 1932 1163 1976 non
1189 1925 1224 1992 ις

125 2013 213 2080 boni.
257 2014 348 2078 Nam
370 2014 451 2097 quid
477 2013 577 2078 faciet
598 2014 625 2078 is
650 1998 754 2078 homo
775 2013 810 2078 in
824 2013 977 2092 tenebris,
1010 2015 1067 2098 qui
1082 2013 1164 2079 nihil

126 2117 224 2184 timet
254 2118 316 2182 nisi
344 2126 467 2183 testem
497 2125 532 2182 et
561 2116 728 2182 iudicem?
764 2117 845 2200 quid
871 2117 905 2182 in
931 2117 1064 2183 deserto
1093 2138 1162 2201 quo

125 2219 200 2286 loeo
216 2229 342 2299 nactus,
351 2241 453 2304 quern
469 2220 576 2288 multo
589 2241 670 2286 auro
683 2219 827 2304 spoliare
841 2221 956 2303 possit,
970 2220 1160 2286 inbecillum

126 2333 230 2408 atque
252 2323 386 2389 solum?
408 2325 534 2389 Noster
556 2324 692 2408 quidem
705 2322 759 2389 hic
785 2332 904 2388 natura
918 2324 1024 2389 iustus
1049 2323 1100 2388 vir
1120 2344 1160 2388 ac

126 2426 235 2492 bonus
260 2427 361 2492 etiam
384 2427 610 2516 conloquetur,
627 2427 761 2505 iuvabit,
778 2428 812 2492 in
834 2426 922 2492 viam
945 2427 1111 2492 deducet:
1133 2427 1160 2491 is
1184 2444 1226 2491 20

124 2549 213 2608 vero,
242 2530 300 2614 qui
331 2528 412 2598 nihil
439 2529 574 2595 alterius
602 2551 704 2596 causa
727 2530 827 2596 faciet
853 2538 887 2595 et
914 2530 1069 2596 metietur
1091 2531 1159 2595 suis

189 2810 237 2862 sed
246 2823 291 2862 eos
302 2810 413 2873 agitant
450 2811 526 2861 Some
543 2811 635 2862 editors
645 2811 706 2861 read
721 2811 764 2861 sed
770 2811 803 2860 ut
812 2823 857 2861 eos
874 2810 979 2873 agitent
987 2818 1027 2863 cet.
1048 2811 1066 2862 ι’.
1076 2828 1095 2862 ι.
1109 2811 1159 2873 (ita

124 2874 214 2938 luunt)
237 2884 271 2926 ut.
319 2876 487 2942 Wyttenbach
508 2891 638 2942 compares
667 2875 807 2938 AEsohines,
838 2892 858 2926 c:
891 2877 1014 2928 Timarch.
1042 2893 1068 2942 p.
1101 2875 1154 2927 18o

124 2942 197 3002 Μηδὲ
217 2941 452 3004 τοὺι«ἡσεβηκ6τας,
477 2942 588 3004 καθάπερ
608 2941 636 2991 ἐν
664 2943 719 2992 ταῖς
738 2943 892 3005 τραγῳδίαις.
935 2943 1024 2992 Ποινὰς
1051 2943 1159 2992 ἐλαύνειν

124 3009 166 3058 καὶ
188 3008 299 3072 κολάζειν
320 3008 389 3069 δᾳσὶν
407 3007 523 3068 ἡμμένοιι
539 3007 718 3058 ἀλλὰ-ταῦτά
735 3004 802 3058 ἐστιν
822 3007 920 3070 ἑκάστῳ
940 3008 1024 3068 Ποινή.
1054 3012 1090 3069 cp.
1109 3012 1159 3069 pro

121 3074 327 3216 iroraqssss
340 3071 443 3188 6I⁷lloser
453 3153 509 3202 says
517 3158 545 3178 =
557 3137 642 3187 “num
653 3135 732 3188 ulla.”
760 3137 817 3188 The
827 3137 912 3188 Greek
921 3137 972 3200 γάρ
983 3135 1156 3200 (incipiente)

123 3203 414 3319 meiddteifan‘l‘eidezhet’
425 3203 655 3333 3ωέιὲἧῖροὶυοὶ
666 3267 803 3333 legitimste
820 3266 951 3343 gnevance
973 3265 1002 3315 of
1017 3264 1056 3315 his
1072 3263 1156 3343 orrn''

122 3333 330 3463 {Zdssitfflckss
355 3333 410 3385 that
438 3335 499 3384 iusti
510 3355 538 3376 =
553 3335 631 3383 “nrm
656 3333 776 3394 simulati,
798 3329 925 3396 persan,”
951 3331 1002 3380 and
1025 3331 1114 3384 doloro
1127 3354 1154 3374 =

120 3477 338 3580 haveflddhoirphich
348 3465 563 3582 gtffllngnrzlrgrfcffig
568 3546 575 3580 r
581 3460 1157 3603 agihxssffimodksdlpplsstdrindhredfflmhddss

120 3599 174 3654 aut,
187 3595 253 3658 quod
260 3597 342 3646 verius
360 3603 400 3658 ert,
413 3597 516 3646 iniustos
526 3597 577 3646 sive
592 3593 711 3660 improbos
722 3607 768 3642 esse
784 3607 835 3641 non
845 3607 879 3670 ιιι
895 3593 938 3642 sed
951 3593 1060 3644 incautos
1073 3597 1157 3660 potius

5 3695 7 3728 3
119 3659 302 3725 appellandos.”
363 3677 365 3686 ¹

185 3725 206 3785 ἓ.
221 3725 261 3774 41.
295 3725 362 3788 ipso.
394 3724 522 3787 “alone’'
536 3725 597 3789 “by
608 3721 701 3784 itself‚”
715 3725 812 3788 “span
823 3721 887 3773 from
898 3722 933 3773 all
949 3724 1020 3774 other
1031 3724 1157 3774 oonsider·¹

118 3787 236 3851 ations”;
253 3791 297 3841 the
314 3792 407 3841 radiosi
417 3792 535 3857 meaning
545 3789 608 3842 both
618 3789 647 3841 oi
660 3789 768 3855 ipsemd
788 3787 865 3839 οὗτός.
902 3789 952 3840 For
962 3790 1004 3840 the
1023 3789 1155 3840 sentiment

119 3871 160 3922 cp.
176 3855 285 3918 Horace,
299 3857 364 3920 Epp.
380 3868 401 3907 1.
417 3857 453 3907 16.
469 3865 506 3921 50.
1041 3931 1058 3966 E
