2754 4322
505 324 575 390 na
611 283 840 391 sacrans.
915 411 917 416 ¹
1124 339 1162 400 41

132 485 291 570 perantia,
330 486 410 570 quid
441 486 484 550 de
524 486 737 562 continentia,
767 485 849 570 quid
879 485 922 549 de
961 483 1168 559 verecundia,

131 590 259 672 pudore
289 590 514 674 pudicitiaque
544 589 717 653 dicemus?
754 589 953 654 infamiaene
985 594 1077 653 metu
1103 607 1169 652 non

132 713 205 758 esse
230 692 411 777 petulantis
441 713 484 756 an
511 690 623 775 legum
649 700 684 756 et
709 691 931 782 iudicionrm?
970 685 1170 756 Innocentes

104 795 111 810 ‘
131 816 211 881 ergo
227 805 261 861 et
275 783 452 862 verecundi
472 802 560 871 sunt,
576 803 614 858 ut
629 793 714 858 bene
728 794 874 871 audiant,
890 803 924 860 et
939 803 977 860 ut
1003 811 1170 858 rumorem

131 899 258 964 bonum
287 898 455 982 colligant,
486 897 691 962 erubescunt.
753 897 860 961 Pudet
898 898 965 961 iam
995 896 1086 980 loqui
1127 895 1209 974 de5

131 1003 300 1087 pudicitia.
321 1068 325 1076 ,
360 1001 492 1065 Acme
515 1001 654 1065 istorum
677 998 950 1083 philosophorum
973 1000 1087 1083 pudet,
1111 999 1168 1082 qui

132 1105 237 1171 ullum
254 1104 412 1168 iudicium
435 1103 575 1168 multare
591 1104 653 1167 nisi
670 1103 754 1168 uitio
776 1103 849 1186 ipso
865 1111 1018 1167 notatum
1040 1110 1169 1187 putant.

131 1221 183 1292 51.
229 1207 320 1291 Quid
344 1206 458 1270 enirn?
479 1227 656 1290 possumus
678 1227 745 1283 eos,
762 1206 818 1290 qui
841 1225 861 1269 a
881 1214 997 1289 stupro
1018 1214 1171 1270 arcentur

52 1380 56 1388 ,
132 1309 291 1374 infamiae
331 1293 431 1386 metu,
462 1309 601 1392 pudicos
641 1309 759 1386 dicere,
799 1327 877 1373 cum
921 1309 995 1392 ipsa
1034 1307 1171 1372 infamia

133 1421 271 1495 propter
310 1413 356 1477 rei
394 1412 633 1496 turpitudinem
663 1410 910 1495 consequatur?
958 1412 1049 1476 Nam
1089 1411 1170 1494 quid
1197 1428 1236 1475 10

134 1524 194 1579 aut
223 1514 350 1581 laudari
381 1517 442 1580 rite
474 1524 534 1581 aut
562 1516 741 1600 vituperari
771 1523 893 1598 potest,
923 1515 951 1580 si
981 1514 1025 1579 ab
1055 1533 1095 1578 eo
1125 1504 1174 1577 r'e·

134 1618 279 1697 cesseris,
295 1619 386 1702 quod
402 1629 460 1684 aut
482 1618 687 1683 laudandum
703 1627 762 1684 aut
776 1617 1033 1702 vituperandum
1049 1613 1173 1701 putes?

133 1721 193 1786 An
218 1723 363 1806 corporis
389 1724 578 1806 pravitates,
594 1723 622 1786 si
649 1730 746 1786 erunt
760 1721 975 1806 perinsignes‚
998 1720 1171 1787 habebunt

131 1825 257 1910 aliquid
295 1826 495 1904 offensionis,
537 1825 639 1890 animi
675 1825 868 1890 deformitas
905 1847 973 1890 non
1009 1823 1170 1890 habebit?

131 1930 225 1995 cuius
251 1929 424 2014 turpitudo
447 1950 493 1993 ex
508 1929 586 2012 ipsis
605 1921 697 1993 ¹vitiis
720 1928 876 1994 facillime
898 1928 1022 2013 percipi
1050 1936 1170 2012 potest.
1199 1941 1232 2007 15

132 2031 223 2116 Quid
254 2034 343 2098 enirn
373 2032 502 2097 foedius
533 2033 691 2110 avaritia,
709 2031 790 2115 quid
807 2015 984 2098 ⁴inmanius
1025 2031 1170 2107 libidine,

132 2137 213 2221 quid
242 2131 466 2220 contemptius
496 2136 684 2213 timiditate,
718 2135 799 2218 quid
823 2135 983 2201 abiectius
1013 2135 1172 2199 tarditate

198 2379 358 2431 eurum
395 2379 595 2495 Marvqrninns
615 2380 669 2431 nat
679 2380 699 2430 it
710 2381 731 2432 is
744 2381 840 2442 cioero.
854 2382 912 2433 who
929 2357 1039 2432 recines
1050 2389 1077 2432 to
1094 2381 1172 2446 spen

132 2446 163 2495 de
173 2446 302 2510 pudicitie.
345 2446 433 2495 Feldh
454 2447 485 2496 de
510 2446 557 2495 nds
573 2445 616 2496 the
635 2447 739 2511 reading
753 2446 835 2508 putet
854 2447 944 2507 etrum,
965 2447 1083 2513 referring
1103 2447 1173 2497 these

135 2511 218 2560 words
235 2518 262 2560 to
272 2510 315 2561 the
330 2510 480 2561 mundi.
516 2511 646 2572 Whetber,
668 2512 728 2562 with
739 2512 800 2573 him,
814 2528 853 2562 we
871 2513 988 2563 continue
999 2513 1042 2564 the
1061 2512 1175 2592 question

43 2619 49 2634 ,
134 2575 287 2640 throughout
303 2576 559 2641 (ag-erubeseunt
569 2575 745 2639 l—pudioltio
751 2578 774 2639 1)
802 2593 831 2628 or
849 2578 963 2629 consider
982 2578 1002 2629 it
1020 2594 1052 2630 an
1069 2577 1174 2630 ironicel

133 2648 275 2701 statement,
289 2641 376 2690 makes
387 2641 451 2691 little
462 2642 601 2691 difference.

199 2706 240 2756 Ao
250 2719 300 2757 ma
337 2706 416 2756 Orelli
427 2705 488 2756 with
499 2706 599 2758 inferior
610 2699 669 2757 isse.
682 2707 754 2758 reads
765 2721 798 2758 eo
808 2721 851 2758 me
861 2707 951 2759 nimie.
987 2710 1038 2761 For
1048 2709 1131 2760 nlmle
1143 2731 1171 2752 =

132 2769 329 2899 'Aenceeqinglyg’
352 2787 391 2836 cp.
415 2773 435 2832 §-
461 2782 500 2834 27.
537 2772 609 2824 With
629 2771 742 2824 lotorum
762 2775 901 2839 p.·“your
918 2775 1117 2841 philosophers,”
1136 2777 1174 2839 (to

158 2846 232 2888 tucos
254 2853 268 2886 c
287 2874 293 2886 .
321 2849 382 2887 .21.
763 2857 765 2864 ’

198 2901 246 2964 qui
267 2854 490 2964 illlum-putent.
540 2902 623 2952 “who
644 2901 718 2953 think
740 2902 794 2954 that
815 2920 848 2955 en
884 2904 1016 2970 judgrnent
1043 2905 1169 2971 punishee,

133 2967 217 3018 unless
236 2967 279 3017 the
298 2966 360 3017 fault
379 2967 448 3017 itself
463 2983 490 3017 su
509 2968 572 3033 plies
591 2967 633 3018 the
653 2962 760 3019 brand?
804 2971 828 3018 V
871 2986 911 3033 en,
929 2971 988 3021 who
1005 2970 1099 3035 hythe
1118 2985 1156 3019 we

133 3033 197 3083 adds
215 3031 351 3082 neminem
369 3032 455 3083 before
510 3047 564 3094 um,
583 3048 663 3084 seems
674 3042 701 3084 to
717 3034 781 3085 have
791 3036 914 3086 emended
930 3035 979 3086 thie
1110 3035 1143 3083 wi

132 3099 196 3149 least
215 3097 318 3162 change.
365 3109 424 3148 MSS.
449 3097 513 3148 have
530 3099 575 3164 qui
595 3099 781 3160 ullumlillum
803 3100 832 3151 B.
857 3101 958 3151 nullum
1010 3099 1031 3159 .)
1054 3099 1171 3151 iuditium

133 3165 215 3214 uitare
235 3163 287 3213 uiri
303 3163 362 3213 vilio
380 3163 432 3228 apso
449 3169 572 3213 mutatum
591 3165 717 3225 (natatum
735 3165 764 3216 B.
785 3172 896 3215 notatum
914 3165 973 3226 H.).
1008 3163 1084 3214 Klotz
1105 3165 1169 3256 conj.

132 3229 178 3294 qui
192 3228 274 3278 uuum
291 3227 409 3278 &dicium
425 3229 504 3278 vitari
518 3229 569 3279 nbi
582 3229 663 3280 vieini
678 3245 704 3278 so
718 3231 795 3279 vitato
804 3238 832 3296 p.
870 3229 959 3280 Before
975 3228 1060 3294 seeing
1077 3230 1173 3282 Klotzs
1200 3249 1202 3254 ¹

133 3301 193 3354 text,
218 3293 232 3343 I
254 3292 306 3344 bad
327 3293 426 3345 elicited
449 3293 492 3344 the
514 3309 582 3345 seme
609 3237 720 3358 readng,
745 3295 834 3344 vinam
855 3294 932 3358 being
958 3293 1107 3346 substituted
1134 3297 1173 3348 for

133 3359 260 3419 iudicium
282 3358 346 3410 from
357 3359 400 3409 the
416 3359 514 3410 various
525 3358 640 3424 readings
656 3358 686 3409 of
694 3358 784 3410 Bake’s
803 3371 860 3410 MSS.
876 3359 974 3409 Transl.
1000 3359 1083 3412 “who
1099 3362 1172 3414 think

133 3423 187 3474 that
198 3438 215 3472 a
224 3422 287 3474 nult
297 3424 318 3474 is
329 3424 436 3474 avoided
447 3431 473 3476 at
483 3424 525 3486 all,
540 3432 629 3490 except
641 3425 684 3474 the
695 3423 756 3475 fault
767 3423 836 3474 itself
844 3424 876 3474 be
892 3423 1026 3476 avoided.”

197 3490 219 3550 fi.
233 3489 273 3538 51.
308 3489 456 3540 merseris
492 3489 579 3540 Halm.
595 3501 653 3540 uss
671 3488 736 3539 have
755 3488 780 3538 et
801 3489 835 3539 ab
852 3501 883 3540 eo
902 3491 1001 3540 netum
1016 3503 1049 3553 r.,
1072 3493 1174 3543 whence

134 3553 205 3604 other
228 3553 329 3604 Editors
350 3555 410 3605 read
428 3554 453 3604 ei
472 3555 506 3605 ab
524 3553 583 3604 olus
601 3554 700 3603 nature
717 3567 738 3604 r.
775 3553 831 3605 The
846 3570 918 3605 sense
937 3556 958 3606 is
974 3563 1019 3607 not
1035 3557 1174 3622 materially

134 3617 244 3670 altered:
264 3618 312 3669 “if
318 3634 367 3671 one
378 3620 443 3670 loses
454 3620 473 3669 ε’
491 3619 520 3670 ht
531 3619 560 3672 of
567 3616 643 3668 tw
655 3635 683 3668 or
697 3619 716 3644 ‘⁸
724 3618 754 3668 of
761 3617 804 3669 the
815 3627 906 3670 nature
914 3620 944 3671 of
951 3621 1031 3674 that.'’

197 3683 306 3746 percipi
325 3700 349 3735 v.
368 3684 386 3735 l.
405 3635 526 3747 pereffioh
563 3683 635 3733 With
652 3683 701 3734 this
717 3699 821 3751 passage
838 3685 970 3738 Turnebus
986 3704 1025 3753 cp.
1046 3688 1099 3739 Cic.
1123 3687 1169 3751 Offi

135 3759 179 3800 ru.
191 3761 231 3812 29.
250 3759 302 3815 105.
339 3749 543 3814 HonceEpist.
558 3749 580 3800 1.
595 3760 626 3798 11.
642 3747 681 3814 38.

197 3813 344 3866 hmenlue.
377 3815 472 3865 Davies
493 3814 558 3878 conj.
583 3813 720 3876 hlumlut,
746 3816 791 3867 but
810 3816 881 3868 Bake
908 3825 996 3882 quotes
1015 3824 1065 3881 pro
1081 3817 1174 3866 Scauro

133 3881 208 3944 Μ.
222 3879 354 3930 immense
364 3880 481 3930 libidines.
1047 3923 1051 3932 .

1061 3957 1076 3992 r
