2754 4322
230 297 272 376 56
410 277 411 282 '
634 294 810 364 cicaro

230 473 352 521 nomen
367 455 537 522 obscurius
553 455 732 540 Liremque
747 454 853 520 multo
867 454 1060 539 gelidiorem
1076 454 1163 520 iacit
1190 454 1268 518 Nec

230 559 319 623 enim
335 557 439 622 ullum
462 558 527 623 hoc
550 558 699 642 frigidius
723 559 847 624 flumen
870 559 976 642 attigi,
992 579 1068 623 cum
1091 557 1134 622 ad
1158 557 1268 644 multa

230 662 433 739 accesserim,
460 671 499 726 ut
522 663 581 726 vix
606 661 693 746 pede
715 670 879 745 temptare
901 662 936 725 id
958 661 1095 745 possim,
1116 660 1207 744 quod
1231 662 1268 724 in

231 763 382 829 Phaedro
412 764 560 829 Platonis
590 764 670 830 iacit
699 763 862 830 Socrates.
927 774 958 846 7.
1002 765 1054 829 M.
1100 764 1163 828 Est
1185 784 1268 828 vero

189 881 205 949 5
230 867 286 944 ita,
302 867 361 931 sed
378 875 491 932 tamen
505 866 582 932 huic
604 867 807 944 amoenitati,
823 887 923 949 quem
946 888 991 932 ex
1014 866 1142 950 Quinto
1164 887 1269 950 saepe

230 969 339 1048 audin,
356 969 518 1055 Thyamis
535 971 689 1055 Epirotes
705 978 782 1034 tuus
798 969 853 1034 ille
868 969 957 1046 nihil,
973 971 1098 1054 opinor,
1114 991 1267 1035 concess-

230 1073 300 1137 erit
367 1072 406 1153 Q.
451 1073 515 1140 Est
536 1075 591 1152 ita,
616 1081 655 1138 ut
679 1073 785 1151 'dicis;
816 1093 896 1137 cave
922 1074 1010 1139 enim
1037 1083 1134 1157 putes
1157 1073 1268 1138 Attici
1349 1105 1350 1108 ¹

231 1176 335 1242 nostri
382 1175 558 1242 Amalthio
609 1176 820 1260 platanisque
863 1175 927 1240 illis
971 1177 1148 1260 quicquam
1193 1197 1269 1240 esse

230 1280 437 1365 praeclarius.
482 1281 559 1358 Sed,
584 1281 613 1346 si
639 1280 778 1356 videtur,
797 1279 1008 1344 considamus
1030 1280 1084 1343 hic
1099 1281 1133 1343 in
1148 1279 1269 1344 umbra

171 1399 211 1450 10
231 1383 390 1468 atquead
406 1392 625 1467 campartem
647 1383 817 1458 sermonis,
838 1403 883 1446 ex
906 1403 973 1466 qua
996 1383 1118 1466 egressi
1141 1403 1266 1459 sumus,

232 1497 442 1551 revertamur.
508 1486 559 1551 M.
605 1485 775 1550 Praeclare
804 1486 921 1569 exigis,
952 1486 1167 1572 Quinte,7-at
1203 1507 1268 1570 ego
1350 1469 1351 1478 ἵ

234 1590 389 1673 effugisse
411 1588 673 1653 arbitrabar-et
698 1589 759 1653 tibi
782 1587 901 1654 horum
922 1588 1003 1658 nihil
1018 1588 1131 1654 deberi
1146 1598 1267 1674 potest

235 1691 275 1773 Q.
320 1692 440 1758 Ordire
454 1692 574 1774 igitur;
596 1712 674 1756 nam
689 1692 850 1757 hunctibi
864 1701 973 1758 totum
996 1692 1145 1758 dicamus
1167 1693 1266 1757 diem.

298 1794 349 1859 M.
393 1798 426 1863 A
448 1798 532 1864 Iove
555 1798 745 1864 Musarum
766 1799 967 1882 primordia,
983 1796 1069 1860 sicut
1090 1797 1124 1859 in
1146 1796 1267 1861 Aratio

173 1910 209 1978 15
234 1897 379 1962 carmine
393 1898 458 1961 orsi
473 1917 597 1962 sumus.
665 1896 703 1978 Q.
748 1897 917 1981 Quorsum
931 1898 1039 1964 istuc?
1089 1901 1142 1964 M.
1179 1899 1268 1984 Quia

234 2020 322 2066 nunc
337 2001 417 2064 item
432 1999 476 2064 ab
491 2000 610 2064 eodem
626 2008 661 2064 et
684 2021 705 2064 a
724 2002 842 2066 ceteris
864 2002 915 2067 dis
937 2001 1167 2067 inmortalibus
1190 2011 1268 2068 sunt
1352 2045 1353 2050 κ

234 2103 330 2188 nobis
362 2103 483 2188 agendi
519 2104 681 2187 capienda
713 2105 901 2189 primordia
967 2103 997 2170 8.
1044 2105 1082 2187 Q.
1129 2105 1268 2190 Optime

234 2228 321 2285 vero,
346 2207 454 2284 frater,
479 2207 607 2273 etheri
631 2209 678 2272 sic
701 2208 806 2272 decet

301 2311 359 2378 IV.
418 2311 470 2376 M.
513 2310 697 2377 Videamus
734 2311 835 2394 igitur
876 2331 995 2389 rursus,
1032 2313 1122 2395 prius
1166 2334 1267 2397 quam

170 2433 214 2480 20
235 2415 469 2499 adgrediamur
486 2414 529 2479 ad
552 2413 642 2498 leges
664 2413 820 2498 singulas,
842 2415 910 2479 vim
934 2424 1153 2500 naturamque
1177 2416 1268 2500 legis,

235 2539 287 2594 ne,
319 2538 421 2600 quom
450 2517 622 2582 reserenda
655 2517 723 2582 sint
758 2517 803 2581 ad
840 2538 915 2582 earn
945 2519 1041 2584 nobis
1070 2519 1192 2597 omnia,
1223 2519 1270 2584 la-

236 2621 355 2686 bamur
392 2620 558 2685 interdum
587 2640 695 2684 errore
724 2621 885 2685 sermonis
914 2621 1170 2706 ignoremusque
1202 2623 1270 2688 vim

300 2913 430 2968 Phaedro.
467 2913 547 2973 Plato,
561 2913 666 2964 Phaedr.
682 2926 737 2978 230.
754 2915 783 2964 B.
797 2929 838 2980 ep.
850 2915 880 2967 dc
891 2918 961 2970 Orat.
976 2929 995 2968 1.
1010 2917 1052 2968 rii
1065 2917 1105 2969 28.

301 2985 322 3045 ς.
337 2981 361 3032 7.
396 2992 482 3042 qnam.
496 2995 520 3028 v.
534 2978 550 3027 l.
564 2991 651 3040 quum
688 2979 743 3029 The
760 2979 898 3044 Thyamis:
915 2995 993 3045 qnam
1002 2984 1067 3033 :de
1080 2999 1135 3048 quo.
1171 2983 1273 3036 Atticus

234 3051 288 3102 had
299 3066 315 3099 a
325 3047 393 3108 villa,
405 3046 435 3095 rb
447 3043 599 3104 ’Δμαλθιῖοη
613 3059 673 3093 near
683 3044 733 3094 this
743 3053 841 3096 stream.
878 3047 975 3111 Cicero,
988 3054 1014 3098 at
1025 3064 1073 3098 one
1084 3049 1152 3109 time,
1164 3049 1275 3115 thought

235 3117 268 3167 oi
274 3114 464 3189 erectingnsome
480 3109 552 3224 ᾠωὲ
567 3108 662 3185 similar
677 3115 704 3159 to
720 3110 740 3159 it
755 3115 782 3160 at
797 3111 940 3176 Arpinum
955 3114 1078 3179 probably
1094 3130 1128 3164 on
1143 3113 1194 3165 this
1204 3123 1272 3180 spot.

235 3182 702 3248 cp.adAttrc.1.xv1.1.v11.1r.3.
731 3203 734 3210 ·

302 3239 515 3307 exigis-deberi.
543 3241 562 3266 “
568 3239 626 3289 You
636 3239 688 3290 dun
698 3239 923 3306 splendidly-and
932 3258 999 3293 none
1009 3244 1039 3295 oi
1051 3243 1121 3296 these
1131 3244 1216 3310 things
1227 3260 1277 3295 can

237 3311 271 3362 be
286 3310 353 3360 moed
360 3316 386 3360 to
396 3304 473 3373 you”
505 3321 544 3370 cp.
559 3315 603 3355 111.
612 3305 649 3355 xi
661 3305 701 3356 26.

306 3374 346 3424 ‘A
361 3370 444 3423 Iova’
477 3369 678 3430 Thenadassa
693 3371 723 3421 oi
736 3371 837 3433 Aratus,
849 3372 932 3424 which
943 3371 1032 3424 Cicero
1048 3389 1111 3425 once
1127 3375 1274 3440 translated,

236 3455 394 3492 commences
402 3439 446 3488 'liu
456 3438 511 3486 Διὸς
521 3436 671 3500 induenda
681 3454 705 3487 r.
715 3454 739 3486 r.
750 3439 774 3487 λ.
789 3452 827 3502 cp.
843 3437 923 3500 Plato,
936 3440 1008 3504 Legg.
1022 3451 1061 3489 IV.
1076 3449 1131 3502 712.
1142 3439 1172 3490 B.

303 3507 337 3565 55.
351 3503 440 3553 8-17.
476 3501 614 3567 Resuming
631 3501 675 3551 the
694 3502 827 3564 discourse,
848 3503 948 3554 Marcus
966 3503 1027 3554 calls
1044 3505 1166 3556 attention
1186 3512 1214 3555 to
1231 3505 1278 3557 the

237 3569 370 3622 definition
386 3568 416 3618 of
430 3567 496 3616 Isaw
512 3567 539 3617 in
554 3567 601 3616 Bln
625 3567 646 3617 1.
659 3585 667 3629 ς
686 3568 781 3631 adding
798 3583 868 3618 some
886 3569 997 3620 remarks
1014 3585 1048 3620 on
1065 3570 1108 3620 the
1125 3569 1279 3637 misleading

237 3636 361 3700 tendency
372 3633 401 3683 of
408 3630 450 3682 the
460 3633 531 3683 word
541 3633 593 3682 Lac
603 3631 630 3681 in
641 3632 673 3682 its
683 3641 823 3698 customary
833 3635 996 3710 acceptation.
1028 3635 1169 3700 Following
1180 3635 1279 3686 Plato's

235 3700 360 3765 example,
373 3698 406 3747 he
416 3697 557 3747 introduces
567 3697 609 3748 the
620 3698 681 3749 lans
693 3714 727 3748 on
739 3698 856 3813 Religion
865 3699 927 3749 with
937 3716 953 3749 a
963 3699 1061 3765 preface
1072 3701 1223 3766 concerning
1233 3701 1280 3754 the

238 3782 324 3834 power
334 3764 384 3815 and
395 3762 518 3828 goodness
529 3761 558 3812 os
571 3763 613 3812 the
632 3763 703 3813 Gods
722 3764 771 3814 and
791 3771 801 3813 t
820 3780 833 3814 e
850 3764 1001 3830 advantsges
1016 3766 1170 3830 acemingto
1180 3767 1281 3833 society

236 3835 300 3885 irom
312 3828 414 3881 abeliei
422 3827 447 3876 in
459 3827 534 3876 them.
