2818 4320
548 334 619 400 os
654 307 883 405 sacrans.
1145 349 1201 417 105

169 495 271 580 igitur
298 505 471 582 sumptum
501 495 620 562 minuit
648 519 716 564 non
745 497 853 564 solum
883 517 1001 584 poena,
1021 496 1082 563 sed
1104 497 1205 562 etiam

168 607 345 684 tempore,
373 610 453 666 ante
478 600 586 666 lucem
611 603 700 666 enirn
730 603 825 668 iussit
854 602 968 669 efferri.
1014 600 1204 686 Sepulchris

169 713 284 768 autem
300 704 393 769 novis
409 704 516 770 finivit
529 703 667 770 modurn
680 723 692 796 ;Ι
712 725 790 770 nam
805 724 905 790 super
918 714 1025 771 terrae
1039 704 1205 770 tumulum

169 805 277 871 noluit
302 805 484 890 quidquam
510 808 612 872 statui
639 808 701 872 nisi
727 807 937 873 columellam
959 808 1063 874 tribus
1085 808 1205 873 cubitis

169 925 213 974 ne
239 909 394 988 altiorem
416 918 476 975 aut
501 929 651 975 mensam
679 919 739 975 aut
752 910 919 990 labellum,
935 920 970 976 et
991 910 1067 977 huic
1088 931 1206 996 procu·
1251 923 1267 992 5

168 1012 290 1077 rationi
305 1022 430 1078 certum
447 1013 678 1098 magistratum
693 1014 903 1098 praefecerat.

236 1116 385 1182 XXVII.
430 1113 481 1196 ⁶7.
526 1117 623 1182 Haec
646 1118 747 1201 igitur
771 1116 995 1183 Athenienses
1021 1117 1079 1183 tui.
1136 1115 1205 1183 Sed

167 1218 342 1284 videamus
370 1220 552 1300 Platonem,
575 1222 632 1304 qui
656 1221 743 1286 iusta
768 1220 919 1285 funerum
935 1221 1028 1285 reicit
1046 1219 1090 1285 ad
1106 1221 1205 1285 inter-

168 1330 281 1407 pretes
310 1321 528 1406 religionum:
566 1343 667 1406 quem
696 1343 758 1388 nos
787 1342 914 1388 morem
944 1332 1105 1389 tenemus.
1150 1323 1205 1387 De

167 1424 350 1510 sepulchris
365 1422 477 1491 autem
493 1426 574 1491 dicit
587 1426 681 1492 haec.
722 1426 827 1492 Vetat
840 1446 886 1490 ex
905 1447 987 1510 agro
1001 1425 1092 1491 culto
1113 1445 1203 1505 eove,
1231 1441 1271 1491 10

167 1529 227 1612 qui
242 1529 305 1594 coli
320 1529 434 1613 possit,
450 1528 553 1594 ullam
575 1538 704 1614 partem
719 1530 806 1594 sumi
820 1528 996 1615 sepulchro
1009 1549 1019 1610 ;
1042 1529 1102 1596 sed
1117 1547 1205 1613 quae

167 1641 289 1697 natura
311 1632 381 1716 agri
395 1641 527 1697 tantum
551 1631 653 1697 modo
668 1632 796 1697 efficere
810 1634 924 1717 possit,
939 1641 978 1699 ut
999 1641 1203 1698 mortuorum

167 1754 307 1819 corpora
331 1736 403 1800 sine
428 1735 629 1800 detrimento
653 1735 803 1826 vivorum
827 1737 972 1821 recipiat,
1002 1756 1042 1802 ea
1072 1737 1204 1821 potissi·

168 1857 264 1903 mum
289 1847 328 1904 ut
352 1839 567 1924 conpleatur:
589 1859 676 1922 quae
696 1848 810 1904 autem
832 1848 919 1905 terra
933 1839 1044 1925 fruges
1064 1840 1149 1905 ferre
1170 1847 1205 1905 et

168 1950 208 2007 ut
233 1952 340 2007 mater
363 1942 455 2007 cibos
481 1941 695 2027 suppeditare
718 1943 832 2026 possit,
848 1963 923 2008 eam
950 1965 992 2008 ne
1016 1943 1090 2028 quis
1109 1943 1206 2009 nobis
1232 1957 1244 2006 1
1251 1955 1267 2024 ς

170 2045 300 2110 minuat
315 2064 397 2111 neve
412 2046 505 2111 vivos
521 2065 605 2110 neve
619 2053 775 2111 mortuos
842 2047 890 2114 68
936 2045 1075 2112 Exstrui
1090 2057 1203 2112 autern

169 2157 264 2213 vetat
288 2146 497 2232 sepulchrum
522 2148 621 2212 altius
646 2168 747 2231 quam
776 2148 866 2232 quod
896 2149 1035 2233 quinque
1062 2148 1205 2214 homines

170 2252 317 2335 quinque
342 2250 459 2316 diebus
474 2249 684 2327 absolverint,
710 2271 805 2316 nece
830 2249 942 2337 lapide
967 2253 1106 2318 excitari
1128 2252 1203 2337 plus

235 2522 359 2584 tempore.
396 2521 505 2572 Because
515 2520 585 2572 there
596 2521 783 2572 wouldbelees
793 2522 954 2588 opportunity
965 2523 1003 2574 lor
1013 2523 1095 2588 displa
1121 2524 1148 2574 in
1163 2524 1207 2575 the

168 2587 242 2638 dark.
277 2586 419 2638 AsDavies
430 2587 548 2648 remarks,
562 2585 612 2636 this
627 2586 966 2652 provisionisfoundinthe
981 2589 1068 2640 soeall
1115 2589 1165 2640 law
1180 2590 1210 2641 of

170 2653 258 2706 Solon.
295 2651 436 2714 (Demosth.
450 2653 467 2702 l.
481 2653 514 2713 c.)

236 2717 389 2780 quidquam.
433 2729 491 2766 mss.
516 2716 580 2766 hare
600 2717 670 2780 quod.
715 2715 814 2768 Vahlen
833 2717 884 2768 and
902 2718 986 2770 others
1003 2720 1066 2784 quid
1081 2721 1203 2788 (Madvig,

170 2783 248 2898 LIG.
262 2785 283 2843 ἓ.
300 2783 379 2846 494).
414 2781 582 2832 columellam
596 2803 624 2824 =
637 2782 777 2843 cmltirovz
795 2782 835 2833 for
853 2783 897 2834 the
906 2784 1005 2836 archaia
1023 2797 1058 2836 ne
1068 2785 1138 2836 there
1153 2785 1175 2835 is
1190 2801 1207 2836 a

169 2864 195 2900 v.
220 2863 298 2898 mon.

236 2925 362 2962 maneam.
401 2913 433 2962 ‘a
449 2909 546 2962 tablet.’
566 2911 719 2962 “labellum
738 2912 797 2962 dicit
813 2914 880 2978 quod
889 2915 976 2965 Graeci
993 2913 1206 2965 eddevvocantst’

169 2978 280 3030 Turnela
304 2979 335 3026 ‘a
345 2977 389 3026 flat
399 2977 531 3044 lipshaped
541 2976 636 3028 vessel'
654 2977 782 3042 Wyttenb.

236 3040 428 3104 magistratum.
460 3042 534 3092 -Bake
553 3043 638 3092 thinks
657 3043 711 3092 that
729 3059 763 3093 no
773 3059 830 3094 new
847 3043 930 3095 offioer
940 3059 991 3096 was
1008 3043 1145 3110 appointed
1161 3044 1207 3096 but

171 3108 227 3160 that
238 3108 281 3158 the
291 3109 413 3171 αυγυστυς·
422 3122 487 3157 were
498 3107 604 3172 charged
616 3107 677 3158 with
688 3108 737 3158 this
747 3108 816 3173 duty.

236 3174 259 3236 5.
277 3173 318 3222 67.
353 3171 402 3223 rut
437 3173 583 3238 addressing
593 3174 761 3238 Atticussep.
775 3175 796 3234 5.
811 3173 852 3237 36.

237 3238 384 3288 Platonem.
420 3239 491 3302 Legg.
512 3249 562 3288 ΧΗ.
584 3239 616 3288 ix.
637 3237 693 3302 958.
728 3240 785 3301 περὶ
801 3239 1075 3299 τελευτήσαντας-ὅσα
1089 3238 1207 3302 προσήκει

170 3305 305 3364 τελεῖσθαι,
330 3304 384 3353 τοὺς
405 3303 524 3365 &humer
540 3304 669 3366 γίγνεσθαι
689 3305 787 3366 κυρίους.
823 3303 904 3364 Onnes
922 3305 948 3354 id
963 3305 1023 3353 eim
1038 3305 1087 3353 τῶν
1102 3305 1204 3368 χωρίων,

173 3369 254 3419 ὁπόσα
271 3370 315 3429 μὲν
334 3367 457 3432 ἐργάσιμα
473 3369 634 3428 μηδαμοῦ-λ
654 3369 680 3418 δὲ
697 3369 713 3428 ἡ
728 3371 798 3431 χώρα
817 3370 877 3432 πρὸς
892 3367 958 3418 τοῦτ’
972 3369 1032 3418 αὐτὸ
1047 3369 1118 3430 μόνον
1134 3373 1209 3432 φύσιν

172 3435 235 3497 Ιχει,
248 3435 281 3482 τὸ,
290 3435 340 3483 τῶν
349 3434 555 3493 τετελευτηκότων
565 3433 667 3494 σώματα
682 3435 793 3494 μάλιστα
803 3434 933 3494 ἀλυπήτως
947 3435 998 3485 τοῖς
1013 3434 1073 3500 ζῶσι
1090 3436 1208 3499 &exspem

171 3502 294 3565 κρύπτειν,
307 3499 387 3548 ταῦτα
397 3500 476 3558 ἐκτλη
506 3501 540 3550 ὒν.
551 3516 573 3549 κ.
587 3516 610 3549 τ.
624 3500 649 3548 λ.

239 3576 308 3628 quae
318 3564 415 3614 natura
484 3601 491 3616 .
530 3563 600 3614 ‘land
612 3563 641 3614 os
649 3562 709 3614 such
719 3579 735 3612 a
746 3569 833 3614 natare
844 3561 916 3614 that’

239 3628 399 3691 oonplaatur.
435 3628 526 3696 supply
544 3629 651 3678 iubetis.
675 3628 809 3692 preceding
827 3630 909 3678 vetat.
924 3645 963 3695 cp.
976 3631 997 3691 ξ.
1015 3639 1051 3696 15.
1066 3647 1093 3682 n.
1128 3631 1207 3682 Halm

172 3693 243 3759 gives
253 3694 488 3755 vivae-mortuus,
502 3694 613 3759 possibly
624 3695 657 3758 by
668 3709 701 3742 an
717 3693 859 3760 oversight3
876 3707 933 3746 Mss.
948 3711 990 3746 are
1006 3697 1059 3747 said
1070 3704 1097 3748 to
1113 3696 1208 3747 exhibit
1229 3733 1231 3740 .

172 3761 216 3811 the
227 3776 241 3810 0
251 3759 315 3810 form
327 3759 356 3810 os
364 3759 406 3810 the
417 3760 568 3809 nominative
579 3759 606 3808 in
616 3759 679 3808 both
689 3759 778 3809 words.

239 3827 260 3886 ᾗ.
276 3825 316 3875 68.
351 3823 606 3887 quinqtrahominea
642 3823 757 3890 supplied
769 3825 803 3889 by
813 3825 944 3876 Turnebus
954 3825 1018 3877 from
1030 3826 1102 3877 Plato
1114 3826 1140 3886 (l.
1154 3827 1195 3887 a).

240 3887 353 3940 usitari
368 3889 436 3953 plus
473 3902 530 3942 uss
553 3889 616 3942 have
630 3891 714 3956 prius.
755 3890 849 3940 Davies
867 3893 981 3958 amplius.
1024 3891 1209 3942 “limitantur

1157 3969 1176 4006 o
