2818 4320
237 325 280 406 76
628 327 806 397 CICERO

237 493 398 565 tenemus,
422 487 589 572 conplexa
611 488 664 568 sit,
690 490 721 553 ei
746 488 908 555 colendae
941 488 1085 573 virgines
1113 487 1273 573 praesint,

237 595 274 652 ut
302 589 501 674 advigiletur
523 591 649 657 facilius
675 593 719 656 ad
742 592 929 658 custodiam
953 593 1039 676 ignis
1062 599 1096 656 et
1124 590 1274 656 sentiant

236 691 389 759 mulieres
405 703 557 760 naturam
573 696 770 760 feminarum
785 716 920 762 omnem
935 696 1122 760 castitatem
1137 694 1220 778 pati.

300 813 350 878 30.
397 797 498 881 Quod
523 800 672 883 sequitur
695 819 783 877 vero,
798 819 864 863 non
890 798 998 864 solum
1013 797 1057 863 ad
1077 797 1272 881 religionem

195 907 211 975 5
237 899 388 979 pertinet,
404 900 464 966 sed
490 903 591 967 etiam
615 903 659 967 ad
682 903 826 967 civitatis
840 910 975 979 statum,
989 909 1028 966 ut
1052 901 1123 966 sine
1147 900 1196 977 iis,
1212 900 1271 983 qui

235 1002 336 1066 sacris
361 1003 493 1087 publice
518 1006 673 1088 praesint,
703 1005 853 1089 religioni
877 1006 1025 1090 privatae
1053 1004 1133 1068 satis
1162 1003 1272 1068 lacere

236 1123 303 1167 non
328 1108 464 1188 possint
510 1109 669 1174 Continet
683 1109 771 1173 enirn
798 1127 868 1173 rem
884 1107 1051 1191 publicam
1075 1106 1212 1172 consilio
1235 1115 1271 1172 et

235 1211 433 1275 auctoritate
446 1213 657 1294 optimatium
671 1231 804 1294 semper
817 1209 979 1295 populum
994 1209 1149 1293 indigere
1191 1209 1269 1274 Dis-

235 1311 419 1397 criptioque
443 1315 654 1380 sacerdotum
678 1313 804 1380 nullum
834 1315 941 1379 iustae
965 1312 1132 1397 religionis
1163 1333 1269 1397 genus

175 1426 214 1476 10
235 1417 476 1495 praetermittit
521 1419 611 1492 Nam
637 1425 716 1482 sunt
740 1417 784 1481 ad
809 1415 990 1502 placandos
1014 1416 1095 1481 deos
1109 1415 1165 1479 alii
1191 1436 1270 1480 con-

234 1516 351 1596 stituti,
367 1519 423 1603 qdi
447 1520 547 1585 sacris
562 1521 709 1603 praesint
722 1519 946 1596 sollemnibus
962 1517 1006 1584 ad
1021 1518 1270 1603 interpretanda

235 1618 290 1682 alii
316 1622 486 1703 praedicta
499 1624 635 1702 vatium,
651 1643 760 1708 neque
786 1623 975 1700 multorum,
991 1642 1034 1686 ne
1048 1629 1136 1686 esset
1161 1621 1270 1685 infini-

234 1729 316 1801 tum,
327 1743 435 1808 neque
447 1735 485 1790 ut
493 1746 533 1790 ea
542 1726 622 1810 ipsa,
634 1747 720 1810 quae
733 1735 888 1810 suscepta
902 1725 1033 1809 publice
1048 1732 1167 1801 essent,
1179 1724 1269 1807 quis-

234 1845 336 1908 quam
347 1836 445 1892 extra
458 1829 646 1914 conlegium
661 1839 781 1896 nosset.
825 1848 875 1915 31.
899 1829 1090 1893 Maximum
1104 1836 1217 1892 autem
1234 1835 1269 1893 et

173 1940 210 2009 15
235 1931 556 2012 praestantissimum
581 1934 614 1997 in
639 1954 674 1998 re
696 1933 829 2017 publica
856 1933 906 1998 ius
930 1940 982 1997 est
1005 1951 1167 2015 augurum
1190 1951 1268 1996 cum

235 2035 433 2100 auctoritate
447 2036 670 2103 coniunctum.
697 2039 818 2120 Neque
831 2057 911 2102 vero
924 2034 996 2112 hoc,
1013 2036 1091 2119 quia
1105 2055 1180 2098 sum
1196 2034 1269 2119 ipse

235 2157 348 2222 augur,
378 2139 425 2204 ita
458 2141 574 2218 sentio,
603 2139 663 2206 sed
693 2140 771 2225 quia
807 2139 854 2205 sic
883 2139 1076 2203 existimare
1114 2159 1176 2202 nos
1215 2147 1269 2204 est

234 2263 375 2310 necesse.
421 2243 512 2327 Quid
537 2244 627 2309 enim
650 2245 757 2308 maius
784 2251 843 2321 est,
859 2243 888 2308 si
910 2242 954 2306 de
976 2241 1045 2306 iure
1068 2241 1267 2325 quaerimus,

297 2487 412 2538 rnefflus
448 2488 559 2540 Married
576 2503 674 2540 women
685 2487 769 2540 would
785 2494 868 2539 notso
878 2487 973 2553 readily
989 2502 1062 2554 spere
1073 2486 1116 2538 the
1126 2486 1187 2538 time
1203 2487 1270 2538 hom

234 2553 298 2603 their
309 2554 430 2604 domestic
441 2554 529 2604 duties.

298 2620 429 2669 naturam.
476 2618 636 2684 Lipsius⁴⁴
643 2619 689 2669 ie.
714 2618 826 2668 mulieres
850 2633 956 2671 mercen
974 2624 1045 2682 posse
1068 2618 1149 2667 omnis
1171 2619 1270 2682 gmmh

232 2679 391 2732 natitatem?
424 2695 482 2733 uss
503 2683 731 2734 havelnnatnram
742 2683 830 2734 Feldh.
845 2699 926 2748 comp.
940 2685 961 2744 5.
976 2691 1026 2746 35,
1045 2681 1128 2732 where
1150 2698 1199 2733 one
1217 2695 1263 2733 us.

233 2748 279 2797 has
300 2745 489 2796 lnmnllernm·
523 2764 556 2798 an
577 2748 708 2798 alteration
729 2748 786 2808 due,
809 2747 842 2798 he
862 2748 955 2808 thinks,
980 2754 1007 2798 to
1025 2747 1068 2799 the
1085 2747 1135 2798 lact
1151 2747 1206 2798 that
1223 2748 1268 2798 the

233 2812 406 2927 copyiq
348 2810 443 2862 thouh
444 2819 454 2861 t
409 2811 660 2940 &gath-mma
673 2785 852 2927 aflighrum
873 2819 968 2928 m
966 2811 1094 2940 peahmp
1138 2813 1269 2864 Manutius

233 2895 289 2943 con]
291 2893 319 2928 ec
330 2827 444 2927 ures⁴hn
730 2894 756 2927 m
774 2893 799 2927 m
811 2892 828 2927 a
838 2892 874 2928 na

279 2895 317 3004 J5.
343 2943 384 2992 30.
415 2945 539 2993 continet
587 2941 686 2992 ⁴‘holds
707 2949 752 3007 tog
752 2942 846 3005 ether,”
872 2891 999 2993 “tendepe
990 2950 1016 2993 to
1038 2939 1179 3009 preserve?
1218 2958 1264 3019 cp.

234 3010 337 3060 Aristot.
352 3007 425 3058 Potin
448 3019 479 3057 11.
492 3021 515 3070 9.
530 3008 626 3069 συνέχει
637 3008 818 3068 τὴνπολιτείαν
827 3008 857 3057 τὸ
873 3009 972 3070 ἀρχειον
982 3010 1062 3058 τοῦτο
1097 3008 1154 3058 The
1169 3007 1267 3073 subject

232 3076 263 3126 oi
288 3072 445 3126 oontinet
437 3088 459 3123 rs
480 3073 524 3124 the
549 3074 695 3124 sentenoe⁴
696 3071 974 3139 ‘ewedh-indigerefl
1008 3074 1079 3124 Here
1099 3072 1213 3136 populus
1237 3096 1266 3117 =

248 3141 301 3191 lebs.

226 3149 249 3206 p
297 3203 452 3267 disontptloq
450 3216 492 3254 ιο.
539 3202 626 3254 Halm.
671 3202 893 3254 “classification'’
915 3205 937 3264 5.
969 3215 1008 3254 ao.
1044 3202 1144 3254 Vahlen
1171 3201 1269 3267 prefers

232 3271 396 3335 descriptio:
412 3269 584 3334 ‘'regulation,
599 3267 786 3319 constitution?
819 3269 878 3330 (See
889 3270 967 3329 111.5
982 3278 1004 3331 7.
1019 3269 1067 3330 u).

296 3349 380 3398 neque
401 3336 553 3386 multorum.
588 3351 620 3384 sc.
644 3334 747 3385 vatium.
773 3334 818 3385 ile.
842 3334 902 3399 only
923 3333 1038 3384 those⁴⁴
1044 3349 1150 3398 quorum
1172 3333 1267 3398 (effata)

233 3401 259 3450 S.
281 3401 310 3450 P.
336 3403 364 3464 Q.
385 3398 537 3452 aduiverdtst
560 3402 582 3462 5.
604 3412 644 3450 20.
671 3399 1068 3463 “Sibyllammautemorocula‚
1086 3415 1136 3448 non
1155 3399 1267 3449 wmm

231 3472 318 3515 vatum
328 3467 399 3531 qsata
409 3483 426 3516 a
439 3466 644 3529 Quinduernvink
653 3472 676 3515 a·
684 3465 800 3514 aotoditc
809 3471 832 3515 et
840 3465 950 3514 coruulta
960 3479 1007 3515 erse
1012 3461 1130 3514 constat
1164 3463 1255 3515 Feldh.

296 3532 370 3591 581.
406 3545 467 3582 oum
488 3531 699 3582 auounutsd
703 3532 763 3580 ‘aa
783 3530 1001 3594 illudquoniam
1017 3546 1074 3608 aug.
1094 3525 1177 3579 auct.’'
1211 3529 1263 3580 Mr.

232 3597 341 3646 Because
363 3597 388 3645 A
409 3597 455 3646 has
476 3610 562 3658 quom,
588 3596 667 3645 Halm
688 3596 781 3672 prefers
797 3595 922 3658 quoniam
947 3593 1102 3644 auctoritati
1131 3595 1192 3655 est;
1220 3595 1269 3646 bnt

231 3661 331 3711 Vahlen
341 3661 451 3711 remarks
462 3660 517 3711 that
527 3661 569 3712 the
597 3661 733 3725 reposition
743 3661 765 3711 is
776 3661 844 3711 osten
855 3661 953 3710 written
963 3676 1035 3724 qum
1046 3660 1073 3709 in
1084 3660 1154 3709 these
1165 3671 1225 3710 uss

295 3729 359 3787 lpse
396 3725 484 3777 Cicero
500 3677 657 3777 waselhcted
677 3727 712 3788 (ι.
732 3739 756 3778 c.
771 3725 861 3791 53)1n
871 3725 914 3775 the
924 3740 995 3775 room
1006 3724 1036 3775 oi
1043 3726 1080 3775 M
1095 3726 1208 3786 Crassus,
1222 3740 1264 3791 cp.

231 3791 339 3856 Philipp.
353 3790 411 3840 11.
404 3790 429 3839 ri.
444 3803 468 3851 4.
490 3791 726 3879 “biedugurma
741 3791 891 3856 totocollegio
899 3790 1028 3855 aputeum
1042 3791 1088 3841 Cn.
1103 3790 1269 3854 Pompeius&

233 3860 262 3918 Q.
277 3856 422 3906 Hortensius
432 3854 649 3906 norru'nuuerwrt.’⁴
