2818 4320
530 290 601 357 DE
623 288 849 357 LEGIBUS.
1061 347 1062 352 ,
1130 303 1172 369 93

140 451 298 534 religione
327 471 446 537 capere
475 452 580 544 liceat,
611 453 638 518 is
664 471 724 536 per
749 471 806 516 aes
831 431 866 516 et
891 447 1009 514 libram
1035 446 1174 514 heredes

138 557 330 620 testamenti
356 556 472 632 solvat,
496 564 672 640 propterea
693 555 784 640 quod
806 575 848 619 eo
873 552 947 618 loco
972 573 1025 618 res
1049 560 1102 618 est
1127 553 1174 618 ita

138 657 248 722 soluta
262 657 456 735 hereditate,
472 659 566 742 quasi
581 679 622 723 ea
636 659 777 742 pecunia
791 657 902 740 legata
914 677 980 721 non
996 665 1090 737 esset,

205 761 304 825 XXI.
349 776 399 846 52.
447 762 524 826 Hoc
553 782 616 845 ego
646 761 720 825 loco
749 759 929 844 multisque
954 759 1027 824 aliis
1050 778 1175 842 quaero

138 885 159 928 a
181 864 285 941 vobis,
303 864 490 942 Scaevolae,
507 865 681 949 pontifices
705 864 845 928 maximi
868 870 903 927 et
924 862 1075 928 homines
1100 881 1175 926 meo
1199 873 1215 943 5

139 967 277 1049 quidem
314 967 436 1032 iudicio
472 968 663 1046 acutissimi,
701 966 781 1051 quid
824 967 869 1030 sit
906 965 996 1048 quod
1036 965 1080 1028 ad
1125 966 1176 1030 ius

137 1069 347 1152 pontificium
363 1069 458 1134 civile
481 1071 668 1154 appetatis;
698 1068 801 1134 civilis
824 1068 912 1132 enim
936 1068 1014 1132 iuris
1037 1068 1177 1132 scientia

137 1173 347 1255 pontificium
377 1174 525 1256 quodam
556 1174 658 1238 modo
687 1171 811 1237 tollitis.
856 1171 947 1235 Nam
976 1190 1070 1235 sacra
1100 1191 1176 1235 oum

138 1276 281 1358 pecunia
312 1276 507 1359 pontificum
537 1277 743 1362 auctoritate,
774 1273 864 1338 nulla
894 1273 968 1356 lege
1000 1275 1178 1338 coniuncta

137 1387 226 1444 sunt
274 1379 394 1462 Itaque
417 1381 445 1444 si
468 1401 529 1445 vos
555 1389 687 1445 tantum
717 1378 818 1443 modo
847 1376 1021 1461 pontifices
1051 1376 1176 1454 essetis,
1203 1393 1243 1442 10

138 1482 340 1566 pontificalis
367 1492 515 1547 maneret
550 1483 738 1559 auctoritas,
768 1480 828 1545 sed
858 1481 949 1564 quod
979 1479 1068 1544 idem
1098 1479 1176 1544 iuris

139 1585 246 1650 civilis
282 1587 361 1650 estis
399 1586 597 1669 peritissimi,
634 1585 698 1649 hac
732 1585 872 1648 scientia
907 1582 998 1647 illam
1035 1583 1176 1647 eluditis.
1231 1649 1232 1654 ,

141 1688 272 1752 Placuit
302 1689 335 1752 P.
364 1689 543 1756 Scaevolae
573 1697 608 1752 et
637 1689 687 1752 Ti.
719 1687 936 1764 Coruncani0,
967 1687 1178 1770 pontificibus

140 1793 308 1868 maximis,
324 1793 470 1875 itemque
485 1793 612 1869 ceteris,
629 1812 686 1855 eos
709 1791 765 1875 qui
788 1791 987 1855 tantundem
1010 1799 1176 1874 caperent,

141 1904 305 1978 quantum
334 1915 451 1960 omnes
479 1895 627 1972 heredes,
657 1894 758 1958 sacris
794 1892 929 1977 alligari.
976 1892 1097 1958 Habeo
1127 1895 1177 1958 ius
1204 1906 1239 1975 15

141 1998 360 2080 pontificium.
425 2010 475 2080 53.
520 1995 611 2080 Quid
640 1996 706 2061 huc
735 1996 874 2061 accessit
899 2017 944 2060 ex
969 1997 1039 2060 iure
1068 1997 1178 2061 civili?

144 2100 333 2165 Partitionis
362 2109 464 2184 caput
492 2101 652 2184 scriptum
681 2107 786 2176 caute,
817 2107 855 2163 ut
874 2106 1020 2162 centum
1050 2100 1178 2163 nummi

36 2287 38 2293 ,
142 2203 406 2269 deducerentur:
427 2205 562 2269 inventa
585 2212 637 2268 est
658 2203 751 2279 ratio,
768 2222 826 2266 cur
846 2203 987 2288 pecunia
1010 2221 1178 2266 sacrorum

143 2307 296 2372 molestia
326 2307 526 2371 liberaretur.
572 2304 663 2389 Quid
692 2305 720 2369 si
749 2304 822 2380 hoc,
851 2305 909 2388 qui
938 2313 1178 2368 testamentum

142 2410 294 2487 iaciebat,
310 2431 425 2474 cavere
441 2409 623 2474 noluisset?
643 2407 819 2472 Admonet
833 2409 911 2472 iuris
933 2406 1103 2472 consultus
1124 2407 1178 2472 hic
1201 2424 1245 2474 20

142 2513 279 2597 quidem
306 2513 377 2597 ipse
407 2514 547 2590 Mucius,
571 2511 725 2596 pontifex
751 2511 850 2588 idern,
878 2519 915 2575 ut
938 2511 1046 2575 minus
1068 2511 1179 2596 capiat
1250 2593 1253 2598 ,

141 2637 244 2700 quam
260 2617 415 2680 omnibus
441 2616 618 2680 heredibus
645 2614 854 2697 relinquatur.
885 2614 1009 2697 ·Super
1023 2614 1180 2680 dicebant
1248 2633 1250 2636 ·

207 2909 362 2962 tesimeni!
380 2911 473 2962 solvat.
506 2911 607 2976 ‘acquit
626 2911 668 2962 the
687 2910 741 2960 heir
760 2909 788 2959 oi
809 2910 852 2961 the
875 2910 977 2976 charges
999 2911 1028 2961 of
1043 2909 1087 2960 the
1108 2907 1178 2959 will!

145 2977 193 3038 (for
220 2977 264 3026 the
291 2977 411 3042 genitive,
440 2992 482 3026 see
500 2977 565 3041 Key‚
590 2978 620 3027 L.
649 2977 677 3027 G.
702 2978 722 3037 ἓ.
748 2977 825 3038 940.).
862 2977 931 3026 How
958 2975 1007 3026 this
1035 2989 1086 3024 was
1112 2974 1179 3023 done

145 3058 183 3092 we
194 3058 235 3091 see
246 3044 266 3102 ᾗ.
282 3052 320 3105 53.
357 3043 413 3092 The
428 3041 532 3106 legatee,
546 3042 639 3106 having
649 3041 702 3091 first
713 3042 815 3091 secured
831 3041 934 3091 himself
946 3041 980 3105 by
990 3057 1006 3090 a
1020 3037 1177 3104 ‘stipulatio'

144 3107 253 3157 that'the
272 3115 374 3157 amount
391 3107 420 3157 of
432 3108 472 3157 his
491 3107 578 3172 legacy
594 3106 685 3156 should
706 3106 882 3171 subsequently
900 3107 932 3156 be
948 3106 1007 3171 paid
1029 3111 1056 3153 to
1078 3103 1131 3152 him
1152 3103 1179 3153 in

124 3221 126 3226 ,
145 3172 250 3223 another
266 3188 329 3236 way,
346 3173 431 3235 makes
443 3188 502 3222 over
518 3172 557 3221 his
575 3172 598 3222 le
631 3189 662 3236 cy
678 3172 712 3236 by
731 3187 746 3221 a
765 3171 881 3221 fictitious
900 3171 971 3220 sale:
992 3169 1180 3234 consequently,

147 3238 219 3287 when
236 3237 278 3287 the
295 3253 385 3302 money
396 3239 417 3287 is
428 3238 487 3303 paid
499 3244 525 3287 to
542 3238 584 3287 the
599 3189 706 3302 idgateq
728 3237 761 3286 hc
776 3237 885 3298 receives
902 3236 930 3296 it,
950 3242 995 3285 not
1012 3249 1039 3283 as
1058 3249 1074 3282 a
1093 3234 1180 3300 legacy

145 3302 190 3351 but
201 3319 232 3378 as
239 3319 254 3352 a
265 3303 326 3429 (ἑοὺς
337 3303 428 3353 due'to
445 3303 498 3352 him
515 3303 549 3368 by
565 3303 608 3352 the
619 3310 694 3352 terms
705 3301 734 3351 of
742 3301 784 3351 the
798 3298 957 3366 ‘stipulatio’
991 3299 1069 3362 (Dict.
1088 3299 1175 3366 Antiq.

145 3377 334 3429 meipso..

211 3434 231 3492 ἕ.
254 3434 293 3482 52.
329 3430 505 3483 domanio.
537 3433 652 3483 Tiberius
665 3431 834 3482 Coruncanius
853 3430 922 3493 (Cos.
945 3429 975 3480 U.
998 3429 1025 3479 C.
1047 3430 1115 3492 474),
1137 3429 1181 3481 the

145 3495 199 3547 first
211 3498 328 3548 Plebeian
340 3497 454 3548 Pontifex
466 3498 599 3558 Maximus,
613 3514 652 3562 cp.
661 3505 711 3561 pro
722 3497 793 3545 Sulla
804 3507 854 3546 vn.
870 3508 909 3559 23.
922 3512 929 3556 3
942 3507 972 3544 11.
985 3496 1006 3556 ἓ.
1022 3503 1044 3559 5.
1059 3511 1085 3545 n.

211 3563 232 3624 ἕ.
255 3564 297 3614 53.
317 3561 476 3612 Puuuonu
495 3563 582 3625 caput.
620 3564 663 3612 “a
682 3561 765 3612 clause
784 3577 818 3611 on
833 3561 952 3627 partition
974 3560 1118 3626 containing
1137 3559 1181 3612 the

146 3629 292 3692 precaution
303 3629 358 3678 that
368 3626 431 3679 &c.’'
443 3645 482 3693 cp.
496 3631 516 3690 ἕ.
532 3638 570 3693 50.

180 3692 283 3807 iind
300 3692 333 3770 si3
349 3759 355 3771 Ι
368 3694 498 3754 Huschke,
512 3692 606 3757 adding
617 3691 648 3754 (i)
657 3691 720 3742 after
730 3689 866 3742 noluisset
902 3691 982 3754 Halm
998 3691 1064 3758 quod
1076 3692 1105 3742 si.
1120 3702 1179 3740 Mss,

161 3774 179 3808 u
216 3774 278 3807 szor
322 3775 360 3808 tn.
1134 3799 1138 3810 .

145 3774 162 3823 q
212 3775 438 3883 superqudiosbant
476 3824 527 3875 For
536 3829 609 3886 super
618 3822 726 3873 Tumeb.
741 3821 805 3888 conj.
820 3823 964 3888 superiores:
974 3837 1013 3888 cp.
1026 3823 1047 3884 ἓ.
1062 3833 1102 3884 49.
1119 3819 1185 3871 “illi

148 3888 266 3954 (ann'qui)
288 3889 400 3938 docebam
420 3887 478 3939 cet.''
514 3889 688 3953 Wyttenbach,
713 3887 776 3939 after
803 3889 920 3950 Scheiler,
950 3888 1062 3955 explains
1088 3897 1183 3948 super:
