2754 4322
495 301 821 369 mmmm
1101 316 1139 384 μ

103 454 260 518 maiorem
276 454 411 538 quidem
434 475 504 520 rem
527 455 652 521 nullam
674 457 813 521 sciscam
836 453 939 532 aliter,
955 455 990 518 in
1006 454 1139 519 minori·

105 556 175 635 bus,
191 559 218 623 si
233 558 333 634 voles,
349 559 518 623 remittam
532 558 597 623 hoc
612 559 680 623 tibi.
722 558 759 638 Q.
782 558 899 643 Atque
915 579 990 622 mea
1005 558 1140 641 quidem

104 660 212 725 eadem
235 663 400 726 sententia
423 671 481 727 est.
527 662 577 726 M.
608 662 667 738 At,
692 683 733 727 ne
758 662 895 745 longum
925 661 993 737 fiat,
1019 662 1140 727 videte.

103 764 176 830 Att.
208 765 347 830 Utinam
363 765 518 848 quidem!
541 765 621 848 quid
638 766 725 828 enim
742 786 840 848 agere
856 765 1046 830 malumus?

190 868 242 933 M.
281 868 382 933 Caste
398 869 489 933 iubet
504 867 560 932 lex
576 869 667 933 adire
685 868 728 958 ad
744 868 834 943 deos,
850 869 962 933 animo
977 868 1139 945 videlicet,
1187 879 1203 947 5

105 971 138 1035 in
154 992 222 1055 quo
245 981 324 1038 sunt
350 973 470 1036 omnia
516 972 589 1036 Nec
611 971 699 1036 tollit
722 973 951 1036 castimoniam
975 973 1142 1055 corporis:

105 1075 164 1139 sed
180 1075 245 1139 hoc
260 1085 392 1158 oportet
407 1057 563 1158 intellegi,
580 1096 681 1159 quom
704 1075 846 1139 multum
869 1077 999 1139 animus
1015 1077 1143 1159 corpori

105 1187 253 1261 praestet
279 1177 544 1262 observeturque,
569 1189 607 1243 ut
632 1187 726 1243 casta
751 1199 889 1262 corpora
915 1178 1142 1256 adhibeantur,

107 1281 215 1346 multo
239 1303 311 1345 esse
334 1282 366 1345 in
390 1283 508 1346 animis
533 1282 566 1346 id
582 1281 781 1346 servandum
797 1282 912 1363 magis,
956 1283 1046 1345 Nam
1063 1281 1144 1345 illud

103 1384 156 1449 vel
169 1384 383 1468 adspersione
394 1406 502 1469 aquae
513 1385 564 1450 vel
577 1385 704 1449 dierum
717 1405 855 1448 numero
870 1384 997 1449 tollitur
1011 1407 1018 1450 :
1041 1385 1142 1448 animi
1170 1401 1209 1449 10
1371 1423 1372 1474 3

103 1487 197 1552 labes
213 1509 274 1552 nec
289 1488 506 1552 diuturnitate
521 1509 717 1553 evanescere
739 1509 800 1553 nec
819 1488 972 1553 amnibus
988 1487 1062 1552 ullis
1079 1487 1144 1552 elui

102 1599 224 1674 potest.
268 1598 318 1668 25.
358 1589 458 1674 Quod
474 1601 586 1655 autem
603 1593 762 1675 pietatem
778 1591 936 1668 adhiberi,
952 1613 1033 1675 opes
1050 1612 1143 1655 arno-

103 1695 172 1758 veri
189 1693 289 1770 iubet,
305 1693 470 1776 significat
484 1695 686 1777 probitatem
709 1704 839 1777 gratam
856 1715 928 1759 esse
943 1695 1016 1771 deo,
1031 1715 1145 1777 sump-

51 1863 54 1871 ,
105 1805 179 1861 turn
197 1817 269 1860 esse
285 1797 531 1861 removendum.
577 1796 668 1878 Quid
684 1797 797 1861 enirn?
819 1806 1050 1880 paupertatem
1069 1818 1146 1862 cum

106 1897 231 1965 divitiis
247 1901 348 1963 etiarn
364 1901 451 1964 inter
469 1899 620 1964 homines
644 1921 716 1964 esse
738 1900 911 1983 aequalem
926 1901 1073 1979 velimus,
1089 1922 1148 1965 cur
1173 1913 1208 1981 15
1238 1941 1241 1949 ·

105 2024 180 2067 earn
204 2013 339 2086 sumptu
362 2003 406 2067 ad
428 2024 522 2068 sacra
544 2003 660 2068 addito
683 2004 821 2068 deorum
841 2004 935 2068 aditu
951 2005 1144 2069 arceamus?

105 2107 301 2188 praesertim
316 2127 392 2170 cum
408 2107 470 2189 ipsi
486 2105 550 2171 deo
565 2106 646 2170 nihil
662 2107 770 2170 minus
792 2116 924 2190 gratum
940 2107 1086 2171 futurum
1102 2109 1146 2172 sit

104 2230 208 2293 quam
235 2229 301 2273 non
325 2199 478 2274 omnibus
501 2219 616 2292 patere
638 2209 681 2272 ad
704 2230 741 2272 se
762 2209 964 2292 placandum
988 2219 1022 2274 et
1034 2210 1145 2274 colen-

104 2315 188 2378 dum
203 2314 300 2378 viam.
332 2312 432 2394 Quod
448 2322 561 2376 autent
573 2333 640 2376 non
653 2312 764 2389 iudex,
777 2312 836 2377 sed
849 2312 930 2377 deus
940 2314 1010 2396 ipse
1019 2313 1144 2377 vindex

104 2418 325 2492 constituitur,
348 2417 530 2499 praesentis
553 2436 681 2498 poenae
704 2425 795 2479 metu
820 2415 934 2499 religio
957 2416 1143 2480 confirmari
1166 2433 1209 2482 20

103 2521 243 2586 videtur.
290 2518 443 2604 Suosque
465 2519 546 2583 deos
569 2529 627 2582 aut
650 2540 753 2583 novos
780 2527 838 2584 aut
860 2519 1062 2604 alienigenas
1080 2521 1143 2585 coli

173 2830 309 2880 remittam
319 2831 377 2881 hoo.
414 2831 430 2882 i.
445 2847 463 2881 e.
481 2833 582 2880 “istum
593 2831 713 2880 suadendi
722 2832 853 2882 labornn.”
871 2833 981 2884 Turneb.

173 2897 272 2946 eadem.
310 2897 420 2961 Madvig.
446 2897 551 2946 omitted
562 2897 589 2945 in
601 2909 659 2946 uss

174 2961 525 3012 observetur-servendum.
563 2962 618 3011 The
634 2962 724 3026 simple
737 2963 787 3012 and
804 2964 946 3028 compound
962 2964 1039 3013 forms
1055 2965 1085 3014 of
1097 2964 1147 3014 this

108 3027 223 3077 verbere
234 3027 302 3077 osten
313 3027 374 3076 used
385 3028 412 3076 in
423 3027 466 3076 the
483 3041 551 3076 same
566 3043 645 3076 sense.
682 3029 706 3077 It
726 3027 772 3077 bas
789 3029 853 3078 been
865 3029 994 3078 remarked
1007 3029 1102 3092 (Paley,
1116 3031 1153 3078 ad

111 3092 196 3156 Eurip.
217 3093 307 3142 Bacch.
322 3108 345 3142 v.
368 3091 440 3156 1065)
452 3092 506 3141 that
518 3091 600 3142 where
612 3092 681 3142 there
700 3093 721 3141 is
740 3108 757 3142 a
776 3094 909 3158 repetition
927 3094 956 3143 oi
967 3094 1011 3143 the
1030 3095 1099 3156 verb,
1122 3095 1149 3144 in

111 3157 202 3217 Greek,
217 3157 260 3206 the
271 3157 361 3223 simple
372 3157 436 3208 form
447 3157 468 3206 is
480 3157 549 3207 often
560 3158 716 3207 substituted.

175 3222 251 3272 illud.
289 3223 433 3287 “impurity
444 3222 474 3272 of
483 3220 577 3286 body‚”
589 3223 740 3273 understood
757 3223 820 3272 from
841 3225 916 3272 seete
932 3236 1047 3284 oorpore.
1079 3225 1150 3276 Bake

111 3302 240 3352 compares
251 3289 326 3338 ame.
341 3300 439 3338 xxxlv.
457 3300 510 3351 130.
531 3300 588 3337 MSS.
609 3289 684 3338 insert
696 3290 812 3338 incestum
824 3288 886 3338 aiter
897 3289 966 3336 illud.

175 3365 291 3403 numero.
328 3354 343 3402 i.
358 3369 376 3402 e.
391 3352 483 3402 afixed
501 3353 621 3403 number:
639 3369 675 3414 so,
694 3354 773 3403 under
790 3354 833 3404 the
851 3354 948 3403 Mosaic
968 3352 1024 3415 law,
1045 3370 1149 3419 persons

111 3432 177 3467 were
190 3419 208 3443 “
215 3418 322 3468 unclean
331 3417 345 3442 '¹
357 3419 395 3468 for
406 3435 435 3468 so
446 3434 521 3482 many
532 3419 600 3482 days.

176 3483 305 3533 amnibus.
350 3497 407 3534 mss,
428 3483 493 3534 bave
510 3497 527 3532 e
545 3483 675 3532 menibus.
719 3482 790 3532 Bake
801 3489 888 3547 quotes
909 3483 1020 3549 AEsehyl.
1044 3486 1146 3552 Choeplc.

111 3557 166 3610 520.
192 3549 225 3597 τὰ
243 3551 325 3599 πάντα
342 3551 393 3616 γάρ
411 3566 449 3598 τις
467 3551 555 3610 ἐκχέας
570 3548 621 3597 ἀνθ’
641 3548 742 3607 αἳματος
762 3549 836 3609 ‘birds
851 3549 954 3608 μάτηνὸ
969 3549 1069 3612 μόχθος.
1104 3568 1144 3618 cp.

111 3612 230 3678 Shaksp„
244 3615 361 3664 Macbeth.
376 3618 431 3664 Act.
447 3626 478 3664 11.
491 3631 523 3663 sc.
537 3627 560 3663 2.

174 3681 194 3739 §-
209 3679 250 3728 25.
270 3679 341 3737 Quid
351 3680 430 3730 enim.
445 3679 550 3744 Madvig
560 3679 653 3743 prefers
664 3676 709 3738 qui
726 3677 963 3740 enim-velimus3
981 3680 1057 3731 Klotz
1067 3695 1149 3743 quum

108 3742 224 3804 divitiis,
236 3744 318 3795 which
333 3743 452 3808 certainly
463 3752 578 3809 prevents
594 3743 724 3794 confusion
740 3743 801 3793 with
817 3743 860 3794 the
876 3746 1036 3810 preposition.
1057 3747 1146 3797 Feidh.

110 3824 240 3874 compares
253 3822 271 3858 1.
284 3813 305 3870 §.
321 3813 359 3874 51.
373 3811 423 3859 and
434 3811 470 3858 ad
478 3811 549 3858 Fam.
565 3821 596 3858 11.
610 3809 677 3859 xviii.
693 3821 714 3872 3.
1059 3859 1060 3864 ,

174 3875 328 3936 praesentis.
339 3877 406 3926 since
415 3879 430 3923 a
438 3891 495 3924 man
507 3874 587 3939 might
594 3873 774 3940 huvehopedto
779 3874 879 3924 deceive
888 3875 931 3925 the
938 3877 1023 3926 Iudex.
1039 3876 1150 3928 Turneb.
