2818 4320
243 299 286 366 86
555 391 558 396 Ι
633 300 811 370 cscnno

242 475 344 545 quam
359 461 622 546 nominari-qui
637 463 704 528 sint
723 483 832 529 rerum
848 463 959 528 exitus
973 464 1150 530 consecuti
1193 461 1284 541 Nos,

242 565 300 648 qui
321 564 412 630 illam
428 564 600 631 custodem
627 566 717 632 urbis
731 567 886 632 omnibus
901 567 1022 651 ereptis
1037 567 1157 632 nostris
1179 567 1283 632 rebus

241 688 281 733 ac
303 669 440 752 perditis
463 669 578 734 violari
600 670 644 736 ab
666 671 776 754 impiis
797 671 887 755 passi
909 691 976 735 non
998 690 1113 735 sumus
1135 690 1283 753 eamque

242 791 287 835 ex
313 779 427 836 nostra
458 772 561 837 domo
586 773 620 837 in
646 773 749 856 ipsius
782 775 886 857 patris
920 773 1058 838 domum
1088 773 1281 852 detulimus,

201 873 363 954 5iudicia
402 883 546 954 senatus,
588 876 715 954 Italiae,
752 877 903 960 gentium
942 877 1086 960 denique
1126 877 1279 941 omnium

241 985 454 1042 conservatae
478 979 605 1063 patriae
629 981 798 1045 consecuti
820 1000 942 1045 sumus.
988 979 1066 1063 Quo
1088 979 1168 1063 quid
1192 980 1281 1044 acci-

241 1080 320 1145 dere
349 1082 458 1164 potuit
486 1082 613 1147 homini
643 1082 864 1166 praeclarius?
897 1082 1049 1166 Quorum
1081 1082 1205 1147 scelere
1228 1101 1280 1146 re-

242 1182 381 1268 ligiones
405 1194 477 1250 tum
503 1194 689 1269 prostratae
714 1186 934 1270 adflictaeque
961 1195 1048 1265 sunt,
1078 1187 1200 1270 partim
1229 1205 1277 1250 ex

241 1287 304 1353 illis
330 1289 479 1354 distracti
508 1310 548 1354 ac
577 1290 728 1372 dissipati
758 1291 874 1368 iacent,
905 1289 962 1373 qui
990 1309 1069 1354 vero
1098 1309 1143 1354 ex
1172 1289 1211 1353 iis
1242 1297 1278 1353 et

179 1406 219 1454 10
239 1390 358 1456 horum
379 1391 540 1456 scelerum
563 1393 727 1476 principes
748 1391 879 1458 fuerant
893 1401 928 1458 et
942 1402 1073 1477 praeter
1092 1400 1219 1458 ceteros
1241 1392 1276 1456 in

239 1491 331 1559 omni
355 1479 514 1579 religione
535 1493 626 1579 inpii,
642 1517 710 1560 non
731 1495 840 1561 solum
864 1496 953 1561 nullo
975 1496 1011 1560 in
1034 1497 1103 1561 vita
1128 1496 1275 1560 cruciatu

240 1607 341 1682 atque
365 1599 536 1676 dedecore,
557 1618 672 1663 verum
695 1600 798 1664 etiam
817 1599 987 1682 sepultura
1011 1608 1046 1664 et
1061 1600 1155 1664 iustis
1179 1619 1276 1663 exse-

240 1701 391 1783 quiarum
411 1710 594 1766 caruerunt
659 1719 708 1787 43
757 1701 796 1783 Q.
840 1702 1008 1787 Equidem
1030 1703 1094 1767 ista
1119 1723 1274 1786 agnosco,

135 1853 141 1866 .
240 1803 348 1880 frater,
365 1812 400 1867 et
422 1805 555 1869 meritas
577 1805 629 1870 dis
643 1807 767 1890 gratias
782 1827 856 1890 ago,
872 1805 932 1870 sed
954 1807 1050 1871 nimis
1065 1826 1165 1889 saepe
1179 1826 1275 1870 secus

178 1917 215 1987 15
239 1904 410 1988 aliquanto
434 1905 587 1972 videmus
611 1898 758 1974 evadere
824 1910 875 1974 M.
920 1910 1000 1974 Non
1024 1910 1122 1987 enim,
1138 1908 1273 1992 Quinte,

239 2016 328 2073 recte
350 2009 589 2088 existimamus,
605 2031 692 2094 quae
706 2032 815 2096 poena
829 2012 941 2077 divina
961 2013 1014 2090 sit,
1030 2012 1090 2077 sed
1112 2013 1275 2097 opinioni-

239 2111 301 2177 bus
316 2113 407 2196 vulgi
422 2114 568 2197 rapimur
581 2114 615 2180 in
631 2135 774 2180 errorem
791 2135 852 2180 nec
866 2136 945 2181 vera
958 2116 1130 2180 cernimus.
1163 2115 1274 2196 Morte

237 2225 296 2282 aut
333 2216 447 2282 dolore
482 2218 628 2302 corporis
664 2227 723 2284 aut
752 2218 843 2284 luctu
872 2219 975 2283 animi
1003 2227 1063 2284 aut
1091 2219 1274 2283 offensione

235 2319 345 2386 iudicii
381 2319 555 2386 hominum
593 2322 741 2386 miserias
776 2322 1008 2406 ponderamus,
1046 2342 1132 2405 quae
1168 2321 1274 2386 fateor

174 2437 217 2487 20
238 2421 384 2488 humana
407 2445 480 2490 esse
504 2433 538 2490 et
561 2425 675 2491 multis
695 2425 791 2491 bonis
816 2426 893 2491 viris
919 2424 1086 2491 accidisse
1132 2425 1273 2491 Sceleris

238 2535 289 2590 est
310 2547 420 2610 poena
442 2528 544 2593 tristis
566 2537 601 2594 et
622 2537 753 2612 praeter
779 2549 836 2594 eos
862 2537 1009 2606 eventus,
1025 2529 1082 2611 qui
1107 2537 1273 2606 secuntur,

301 2745 451 2796 omnum
458 2747 547 2797 Before
557 2747 597 2797 his
605 2747 744 2813 departure,
758 2748 847 2799 Cicero
857 2751 974 2800 removed
985 2765 1017 2799 an
1028 2749 1110 2814 image
1121 2749 1151 2800 ol'
1158 2749 1273 2800 Minerva

236 2811 301 2862 nom
322 2810 361 2860 his
381 2826 439 2861 own
460 2812 538 2862 house
559 2820 585 2862 to
606 2813 650 2862 the
671 2814 765 2878 temple
786 2814 816 2864 oi
832 2815 930 2880 Jupiter
952 2814 1128 2880 Capitolinus:
1162 2816 1183 2865 it
1209 2831 1269 2876 was,

237 2876 356 2938 forsooth,
373 2876 408 2941 by
423 2876 469 2926 her
478 2876 527 2953 aid·
537 2876 591 2927 that
601 2877 634 2927 he
652 2877 828 2955 had-cnrshed
839 2879 953 2932 Catilius.
973 2896 1013 2945 cp.
1028 2879 1153 2942 Plutarch,
1167 2880 1270 2941 chero,

236 2939 464 3058 '‘nibisis-00⁷9„
426 2943 611 3057 addidicicveiiti.
624 2942 893 3061 Elidiktiie'riibirbiie
919 3009 1034 3076 genitive,
1059 3009 1195 3074 subjective
1222 2983 1273 3060 eird

235 3073 366 3138 objectrve,
381 3073 523 3151 depepdrng
533 3087 568 3123 ou
577 3071 684 3134 tudinis,
699 3073 788 3126 Feldh.
801 3075 853 3125 end
864 3075 977 3126 Goerenz
987 3091 1104 3140 compare
1124 3076 1223 3126 Tuscul.
1237 3087 1270 3126 11.

236 3151 284 3190 xV.
298 3150 525 3255 ilisirbbhmlirirb
534 3203 597 3253 from
609 3203 673 3254 their
683 3204 783 3266 friends,
797 3204 880 3256 exiled
889 3205 941 3256 like
950 3205 1080 3257 Gabinius.

300 3269 376 3320 nullo
392 3268 498 3320 invite
516 3268 643 3318 metatu
680 3270 766 3320 Halm.
787 3282 845 3321 uss.
866 3271 930 3321 have
947 3271 1006 3320 vita
1024 3269 1146 3321 cruciati.
1179 3268 1271 3320 Feldh.

236 3347 291 3384 non
306 3334 379 3385 vites
390 3335 517 3384 meatu
553 3333 609 3384 The
626 3335 694 3400 body
705 3335 734 3385 os
742 3336 770 3386 P.
786 3335 890 3387 Clodius
900 3351 952 3386 was
962 3336 1037 3386 burut
1047 3336 1081 3400 by
1092 3336 1131 3386 his
1147 3335 1274 3386 followers

236 3399 305 3449 amid
316 3415 331 3448 a
341 3415 414 3451 scene
425 3400 454 3450 of
462 3401 504 3450 the
514 3399 612 3450 wildest
623 3400 742 3452 disorder.
779 3401 826 3452 See
832 3408 882 3464 pro
892 3402 993 3451 Milone.
1006 3413 1070 3452 xnt.
1077 3413 1125 3464 033.

301 3464 452 3516 odenstone.
492 3465 527 3516 “22
538 3481 556 3515 e.
570 3466 768 3516 condemnatione
777 3467 814 3527 (in
826 3466 931 3527 iudicio).
968 3467 1010 3516 Sic
1019 3464 1213 3527 offensiobelli.
1222 3472 1274 3530 pro

236 3528 285 3594 lege
293 3529 386 3579 Manat.
402 3532 451 3590 (rx.
466 3529 526 3592 26.)‚
541 3537 575 3580 ert
584 3529 692 3581 emissio
702 3529 857 3582 viotorise.”
891 3532 999 3582 Tumeb.

269 3615 271 3620 ·
301 3605 380 3654 prone
396 3594 490 3645 tristis.
526 3595 596 3646 Bake
614 3595 1001 3660 pleeeseoommaalterpoene.
1036 3596 1083 3646 ie.
1106 3596 1202 3647 “there
1218 3595 1241 3646 is
1257 3612 1275 3646 a

236 3659 339 3724 penalty
348 3658 387 3708 for
397 3659 501 3724 impiety
510 3658 533 3722 ;”
551 3660 596 3710 but
608 3661 696 3711 Feldh.
711 3662 806 3726 objects
817 3662 870 3712 that
882 3662 901 3712 it
912 3662 933 3710 is
944 3662 987 3712 the
997 3668 1084 3712 nature
1095 3660 1124 3711 of
1131 3661 1175 3711 the
1190 3667 1273 3726 poena

236 3725 324 3774 divina
334 3723 417 3773 which
427 3724 448 3773 is
460 3730 486 3774 to
502 3725 535 3775 be
545 3725 678 3791 explained
689 3728 769 3788 (Bake
780 3727 864 3778 would
883 3727 945 3777 omit
963 3728 1068 3788 divina).
1089 3742 1128 3791 cp.
1154 3727 1202 3792 Offi
1226 3738 1271 3776 111.

236 3788 288 3839 viii.
302 3788 341 3853 36.
381 3788 514 3853 “porram,
536 3806 587 3839 non
604 3792 683 3841 solum
700 3793 753 3841 diu»
766 3793 854 3856 legaeaem,
865 3807 938 3868 ¹quas
954 3799 1022 3856 saepe
1032 3799 1210 3858 perrumpunt,
1232 3792 1277 3842 sed

236 3855 313 3918 tysim
322 3854 485 3919 turpitudinis
494 3870 557 3919 quae
565 3857 718 3904 acerbissima
728 3864 767 3916 ert,
782 3873 832 3906 non
843 3855 950 3914 vrdmt.’'
