2754 4322
236 295 281 359 40
628 277 807 347 CICERO

234 458 300 523 per·
317 458 355 504 se
368 421 470 523 igitur
494 439 674 524 expetitur.
715 438 913 524 Eademque
937 436 1274 504 omniumvirtutum
1306 479 1312 496 .

234 561 335 606 causa
355 549 458 626 atque
479 543 645 607 sententia
665 551 724 608 est„
766 563 817 630 49.
861 542 979 626 Atque
1001 543 1104 609 etiam
1129 541 1157 607 si
1179 561 1274 605 emo-

234 645 400 723 lumentis,
435 666 502 710 non
543 653 661 730 suapte
690 645 729 710 vi
746 647 850 712 virtus
889 647 1066 730 expetitur,
1106 664 1175 709 una
1207 646 1274 710 erit

231 749 344 826 virtus,
361 768 446 833 quae
462 748 589 815 malitia
603 749 784 815 rectissime
798 749 934 815 dicetur.
962 749 1012 816 Ut
1028 749 1115 813 enim
1130 747 1271 832 quisque

118 851 119 854 ’
170 867 185 934 5
233 873 393 917 maxume
408 851 451 917 ad
474 873 572 919 suum
586 853 801 919 commodum
826 853 925 918 refert
938 872 1168 937 quaecumque
1189 853 1270 936 agit,

231 956 280 1020 ita
309 956 446 1020 minime
475 965 527 1022 est
555 957 605 1022 vir
633 957 749 1034 bonus,
780 965 826 1034 ut,
848 957 905 1040 qui
933 956 1090 1022 virtutem
1119 956 1269 1038 praemio

233 1060 422 1138 metiuntur,
438 1060 563 1126 nullam
589 1062 746 1127 virtutem
762 1061 824 1125 nisi
849 1059 1010 1124 malitiam
1025 1067 1153 1146 putent
1198 1059 1269 1125 Ubi

231 1162 321 1228 enim
347 1163 523 1242 beneficus,
538 1165 567 1229 si
593 1185 692 1230 nemo
713 1162 847 1229 alterius
871 1183 972 1228 causa
997 1163 1142 1247 benigne
1162 1162 1268 1227 facit?

231 1266 288 1332 ubi
303 1275 426 1351 gratus,
441 1268 469 1333 si
484 1289 553 1339 non
568 1288 644 1333 eum
661 1268 771 1351 ipsum
788 1275 926 1332 cernunt
941 1266 1035 1350 grati,
1049 1267 1104 1332 cui
1122 1265 1268 1330 referunt

171 1385 210 1434 10
231 1370 399 1454 gratiam?
421 1370 477 1435 ubi
500 1370 557 1435 illa
583 1378 699 1435 sancta
722 1370 876 1446 amicitia,
900 1369 928 1433 ei
953 1389 1021 1434 non
1044 1369 1116 1453 ipse
1140 1368 1267 1434 amicus

102 1469 103 1472 ’
231 1494 291 1558 per
318 1495 356 1539 se
383 1482 516 1538 amatur
543 1481 618 1538 toto
646 1481 789 1556 pectore,
818 1481 857 1537 ut
886 1471 1030 1539 dicitur?
1077 1473 1134 1556 qui
1164 1473 1266 1536 etiam

231 1576 433 1642 deserendus
459 1585 494 1640 et
522 1575 713 1641 abiciendus
738 1584 789 1641 est
825 1575 1007 1661 desperatis
1024 1567 1268 1641 ¹emolumentis

231 1688 266 1744 et
291 1678 473 1744 fructibus:
504 1699 573 1761 quo
595 1678 676 1761 quid
701 1686 814 1762 potest
839 1679 905 1744 dici
930 1679 1131 1746 immanius?
1163 1677 1267 1762 Quod

231 1783 261 1846 si
282 1782 428 1847 amicitia
449 1801 511 1866 per
531 1802 568 1846 se
589 1781 730 1847 colenda
750 1791 812 1861 est5
837 1784 979 1848 societas
1002 1803 1137 1867 quoque
1158 1782 1267 1847 homi-

172 1899 208 1967 15
232 1905 314 1950 num
342 1894 378 1950 et
406 1885 590 1969 aequalitas
620 1894 654 1951 et
683 1887 808 1952 iustitia
837 1906 897 1969 per
924 1907 961 1951 se
989 1893 1038 1950 est
1065 1885 1265 1970 expetenda

231 1988 333 2073 Quod
360 1989 393 2052 ni
406 2045 407 2048 ,
421 1989 469 2054 ita
494 1997 553 2068 est,
580 1989 717 2056 omnino
743 1989 868 2055 iustitia
897 1988 989 2054 nulla
1013 1997 1086 2069 est;
1115 1989 1150 2054 id
1175 1990 1265 2054 enim

230 2092 481 2158 iniustissimum
497 2093 605 2177 ipsum
621 2101 681 2171 est,
696 2093 841 2166 iustitiae
855 2093 1042 2164 mercedem
1056 2113 1221 2176 quaerere.

295 2196 393 2263 XIX.
436 2210 487 2280 50.
532 2196 623 2280 Quid
649 2216 729 2262 vero
750 2196 794 2260 de
819 2195 991 2274 modestia,
1008 2196 1088 2282 quid
1111 2196 1155 2261 de
1179 2205 1265 2261 tem-

255 2481 257 2489 ,
292 2427 443 2490 eademque.
479 2429 496 2454 ‘⁴
506 2428 567 2477 And
577 2426 620 2478 the
631 2442 699 2478 seme
709 2427 731 2478 is
741 2425 925 2477 thecasewith
936 2425 970 2476 all
980 2425 1024 2476 the
1035 2424 1154 2478 virtues.”
1184 2428 1265 2489 etque

228 2494 364 2544 sententie
392 2494 413 2543 is
442 2492 525 2543 added
622 2492 754 2558 epexegesin
778 2499 805 2542 to
832 2504 920 2542 cauae
955 2491 1124 2557 Wyttenbach
1151 2493 1265 2558 explains

232 2561 251 2587 “
258 2559 370 2608 omnium
380 2559 503 2607 virmtum
513 2499 596 2608 ιαῖης
605 2564 639 2606 ert
647 2563 749 2618 natura,
762 2557 842 2608 eadem
852 2553 928 2607 vox.”
1169 2565 1172 2572 “

293 2625 314 2684 ς.
333 2623 375 2672 49.
395 2623 534 2684 ereptori„
571 2635 629 2674 uss
644 2621 763 2682 omirvl3
788 2621 868 2671 Halm
888 2621 981 2688 prefers
1000 2622 1044 2675 the
1061 2622 1222 2673 emendation
1237 2623 1268 2674 of

229 2687 354 2753 Stephens
364 2699 413 2736 sua
423 2690 523 2749 sponte,
539 2687 620 2737 which
648 2688 699 2738 'ves
710 2687 752 2738 the
763 2702 831 2738 same
841 2703 919 2737 sense.
1212 2693 1216 2704 '

293 2751 406 2802 menne
441 2759 476 2816 cp.
496 2753 517 2812 5.
531 2765 571 2814 41.
651 2751 688 2801 ‘di
699 2754 748 2802 eet
773 2752 856 2802 where
874 2752 945 2802 Bake
955 2759 1042 2818 quotes
1060 2751 1141 2813 Plato,
1161 2753 1261 2804 Mem.

229 2815 285 2881 246.
322 2818 353 2868 Ε.
366 2817 437 2866 πᾶσά
447 2834 475 2866 τε
485 2817 609 2877 ἐπιστήμη
624 2818 772 2882 χωριζομένη
789 2818 938 2878 δικαιοσύνης
955 2819 995 2868 καὶ
1011 2820 1056 2879 τῆς
1073 2819 1150 2878 ἄλλης
1166 2819 1261 2881 ἀρετῆς,

228 2883 372 2946 πανουργία,
392 2883 419 2931 οὐ
441 2882 518 2944 σοφία
534 2883 653 2943 φαίνεται.
697 2883 749 2933 For
764 2882 807 2934 the
828 2883 945 2949 meaning
967 2884 996 2934 of
1008 2881 1116 2939 malitie
1132 2883 1263 2948 (knevery)

228 2965 268 3066 cp.
288 2949 384 3063 ll‘ucul.
407 2959 446 2998 lv,
463 2957 500 3012 15.
523 2958 577 3011 343
592 2947 675 2998 where
687 2947 775 2999 Cicero
794 2948 887 3013 prefers
897 2949 1015 2999 ninutas
1032 2964 1061 3000 es
1071 2964 1104 3000 an
1120 2949 1264 3015 equivalent

227 3033 244 3067 ο
264 3032 345 3066 rere.

292 3079 396 3130 nullam
405 3075 542 3128 virtutem.
576 3077 611 3142 by
620 3077 759 3140 effrenion,
773 3077 812 3128 for
822 3078 891 3128 nihil
897 3079 1019 3128 virtutem.

292 3158 354 3195 eum
375 3144 470 3208 ipsum.
520 3142 609 3193 “heve
629 3143 669 3193 his
690 3142 790 3193 interest
812 3143 885 3194 alone
906 3144 933 3194 in
954 3141 1045 3194 view.’'
1088 3155 1146 3194 mss.
1172 3144 1263 3206 (Α.Β.)

227 3207 292 3261 liare
310 3210 371 3272 lpel,
390 3209 473 3261 which
490 3207 629 3272 Feldhiigel
645 3208 762 3269 defends3
777 3207 831 3271 lprd
846 3209 879 3259 be
895 3225 959 3274 says,
975 3208 1025 3258 “ln
1045 3208 1264 3270 tardunense

228 3277 321 3337 sponte
332 3277 348 3326 i.
358 3290 376 3325 e.
390 3288 445 3340 non
460 3273 570 3336 impulsi
579 3273 609 3322 vi
620 3271 734 3325 aliene.’'
767 3275 817 3324 But
828 3274 872 3326 the
881 3275 984 3341 reading
994 3274 1024 3325 ol
1032 3274 1076 3325 the
1085 3274 1186 3325 inferior
1199 3286 1260 3328 uss,

226 3339 272 3390 has
283 3341 347 3390 been
356 3340 482 3406 generally
492 3339 624 3405 preferred.

233 3431 235 3438 ι
291 3406 348 3454 boto
363 3407 475 3467 pectore.
511 3404 605 3455 Davies
638 3410 707 3455 uoles
724 3403 824 3456 Servius
839 3406 877 3466 (in
899 3405 964 3471 Wrg.
978 3405 1043 3455 AEn.
1065 3403 1186 3467 1X.276.)
1203 3404 1263 3456 who

227 3469 338 3520 remarks
349 3470 402 3520 that
416 3472 472 3520 “ul
482 3469 581 3520 dieitur
600 3419 640 3532 (τί
655 3467 818 3532 λεγόμενον)”
834 3470 953 3521 indicates
969 3470 1023 3521 that
1038 3469 1089 3520 this
1104 3470 1194 3535 phrase
1209 3470 1263 3521 hed

227 3535 318 3600 passed
328 3535 381 3585 into
392 3551 407 3584 a
417 3535 531 3600 proverb.
545 3551 584 3600 cp.
598 3537 619 3596 ᾖ.
634 3533 657 3586 8.
672 3552 697 3586 n.

290 3601 401 3661 mexp.
434 3600 514 3650 Halm
524 3601 588 3651 alter
597 3601 741 3662 Lambinus,
755 3612 813 3650 MSS.
827 3599 957 3668 omitest·
1357 3625 1358 3650 l

290 3667 311 3726 ξ.
326 3665 367 3715 50.
386 3664 522 3715 moderna.
561 3664 738 3731 “propriety”
750 3664 1126 3729 (nuppordml.—Vereeundia
1137 3666 1218 3728 (sense
1235 3667 1266 3716 of

225 3731 381 3846 proprietyll
404 3729 488 3806 pudor
498 3730 548 3780 and
564 3730 695 3792 pudicitie
714 3731 790 3791 are,I
812 3729 892 3806 think,
914 3730 1033 3806 intended
1051 3733 1078 3782 t'o
1096 3731 1201 3781 balance
1217 3731 1260 3782 the

235 3810 387 3862 uregmngs
421 3809 527 3858 onyms3
549 3796 633 3858 pendor
654 3795 705 3845 aud
728 3801 886 3858 temperantia
907 3794 1000 3859 having
1015 3795 1059 3845 the
1074 3811 1144 3845 more
1159 3797 1261 3860 general
1357 3853 1358 3860 η

224 3861 349 3926 meaning,
363 3876 386 3910 w
405 3859 436 3910 ile
442 3859 564 3924 narnien
575 3859 625 3908 and
634 3861 781 3909 continentia
793 3875 834 3908 are
846 3859 906 3909 used
918 3859 943 3909 in
954 3876 970 3908 a
981 3860 1073 3925 special
1084 3876 1163 3911 sense.
1213 3857 1217 3865 '
