2818 4320
536 294 608 360 DE
644 293 873 363 LEGIBUS.
1121 308 1178 374 141

143 459 217 543 ips'e
232 465 371 524 senator
381 456 418 534 is,
434 456 527 520 cuius
541 477 610 522 non
624 456 667 521 ad
682 465 853 522 auctorem
869 454 1028 520 referatur
1042 454 1182 532 animus,

144 562 207 626 sed
222 562 279 646 qui
296 581 407 644 perse
421 560 492 643 ipse
507 561 649 644 spectari
663 560 755 625 velit.
800 561 890 624 Huic
905 559 994 623 iussa
1009 559 1071 624 tria
1085 566 1183 624 sunt:

145 674 185 730 ut
199 665 310 744 adsit;
332 684 411 729 nam
435 664 633 747 gravitatem
648 683 700 729 res
713 662 824 740 habet,
841 683 917 728 cum
932 663 1085 746 frequens
1100 661 1184 727 ordo

146 776 222 833 est:
260 776 299 831 ut
321 767 396 831 loco
419 767 518 844 dicat,
545 767 579 830 id
609 776 661 832 est
686 775 843 851 rogatus:
876 775 915 831 ut
940 766 1050 842 modo,
1075 786 1118 830 ne
1140 765 1184 830 sit

146 870 318 949 infinitus;
340 890 419 935 nam
444 869 588 934 brevitas
603 890 670 934 non
694 870 796 934 modo
811 869 980 945 senatoris,
996 869 1056 933 sed
1082 870 1184 934 etiam
1229 880 1246 948 5

147 973 289 1038 oratoris
316 991 438 1056 magna
453 971 525 1037 laus
551 973 651 1037 estin
676 973 861 1062 sententia:
882 991 944 1060 nec
956 980 1009 1054 est
1025 991 1184 1054 umquam

48 1083 52 1092 '
147 1076 250 1159 longa
266 1076 415 1140 oratione
430 1075 600 1152 utendum,
616 1075 679 1139 nisi
693 1083 752 1140 aut
766 1082 926 1159 peccante
943 1083 1070 1150 senatu,
1093 1073 1185 1157 quod

147 1179 188 1243 fit
212 1178 395 1242 ambitione
423 1178 624 1260 saepissime,
649 1177 741 1243 nullo
775 1177 970 1260 magistratu
1005 1177 1186 1242 adiuvante

148 1280 223 1346 tolli
247 1281 336 1345 diem
361 1280 443 1346 utile
469 1289 529 1358 est,
555 1289 614 1345 aut
635 1299 713 1345 cum
734 1288 829 1345 tanta
850 1300 950 1344 causa
973 1287 1032 1357 est,
1048 1289 1086 1344 ut
1100 1301 1185 1362 opus
1218 1280 1222 1288 ’

147 1385 194 1449 sit
219 1384 358 1449 oratoris
372 1385 469 1467 copia
490 1381 544 1449 v‘el
558 1383 603 1448 ad
628 1382 830 1448 hortandum
843 1383 897 1448 vel
910 1384 955 1448 ad
976 1381 1186 1448 docendumt
1210 1398 1251 1448 10

150 1507 294 1570 quorum
318 1507 477 1570 generum
503 1487 537 1551 in
563 1494 706 1570 utroque
719 1507 861 1571 magnus
886 1493 999 1550 noster
1014 1485 1101 1551 Cato
1124 1493 1184 1550 est

151 1608 202 1675 41.
248 1589 415 1673 Quodque
429 1589 525 1655 addit
540 1586 702 1655 “causas
715 1587 836 1669 populi
850 1586 1001 1669 teneto,”
1017 1598 1069 1653 est
1090 1609 1187 1653 sena·

150 1692 216 1756 tori
242 1693 463 1757 necessarium
479 1713 577 1758 nosse
591 1712 661 1757 rem
679 1692 856 1776 publicam,
873 1693 973 1777 idque
988 1692 1055 1757 late
1069 1701 1186 1776 patet:

152 1796 233 1879 quid
256 1795 380 1862 habeat
403 1796 557 1875 militum,
571 1796 652 1879 quid
676 1796 788 1862 valeat
809 1797 945 1875 aerario,
969 1817 1053 1880 quos
1077 1796 1186 1862 socios

217 2091 275 2155 ipss
286 2094 400 2144 sanator.
435 2092 497 2144 Ace.
512 2098 539 2142 to
552 2091 623 2142 Bake
633 2091 684 2157 titre
700 2107 782 2143 serves
793 2099 820 2143 to
831 2091 902 2142 mark
921 2092 964 2144 the
983 2092 1126 2144 distinction
1143 2094 1187 2144 be·

153 2164 235 2208 tween
246 2158 289 2208 the
309 2159 415 2222 speaker
424 2158 474 2209 and
485 2158 525 2207 his
535 2158 629 2208 hearer.
665 2157 788 2208 Huschke
805 2157 869 2222 conj.
891 2163 926 2207 est
941 2158 1005 2208 enim
1024 2158 1063 2208 lbi
1081 2165 1183 2211 senaar.

154 2224 206 2274 For
220 2226 354 2274 auctorem
364 2238 434 2273 some
445 2224 504 2273 read
514 2230 617 2272 actorem
629 2223 697 2284 (MSS.
712 2222 776 2272 have
786 2223 840 2273 also
850 2224 931 2273 above
941 2230 1027 2272 auctor
1035 2225 1119 2284 enim).

218 2290 250 2338 ut
260 2287 336 2338 adsit.
372 2288 427 2338 The
436 2303 559 2338 convener
568 2287 648 2352 might
659 2287 757 2338 ensorce
767 2289 915 2346 attendance
925 2289 959 2354 by
969 2289 1061 2354 seizing
1071 2304 1087 2338 a
1097 2287 1189 2354 pledge

154 2354 282 2419 (pagum
290 2354 368 2418 capio)
379 2370 408 2404 or
418 2353 534 2418 exacting
543 2369 559 2402 a
569 2352 629 2402 fine:
640 2367 679 2416 op.
694 2353 802 2417 Philipp.
817 2365 835 2402 1.
849 2369 871 2403 c.
885 2369 909 2403 v.
1136 2411 1138 2416 ¹

218 2418 284 2468 loco.
320 2419 376 2468 The
394 2418 521 2484 'presiding
540 2418 687 2482 Magistrate
705 2418 831 2482 generally
842 2418 962 2468 observed
979 2418 1099 2468 scertain
1116 2418 1189 2468 order

154 2484 184 2534 of
202 2485 361 2548 precedence,
386 2483 413 2533 in
434 2483 527 2548 calling
547 2498 615 2547 upon
638 2483 755 2533 Senators
776 2490 804 2533 to
824 2484 881 2548 give
903 2483 967 2533 their
988 2483 1119 2548 opinions:
1145 2483 1189 2534 the

155 2549 411 2676 Consulstselecgere
422 2549 518 2662 mikauy
528 2547 581 2675 fiJm
591 2547 673 2598 called
683 2563 763 2614 upour
777 2563 817 2614 cp.
832 2549 935 2611 Gellius,
957 2549 1029 2600 Noct.
1050 2552 1103 2599 Au.
1126 2560 1185 2601 xrv.
1271 2559 1274 2566 ’

155 2624 216 2678 7·4
284 2630 312 2664 00
364 2630 441 2676 msa,
480 2616 557 2664 .A..
647 2671 649 2676 .

220 2678 251 2727 in
261 2677 403 2730 sententia.
417 2631 467 2728 ysc.
480 2679 588 2729 decada
625 2677 712 2740 Halm,
726 2677 789 2728 after
805 2677 893 2739 Orelli,
905 2678 1021 2730 brackets
1036 2677 1068 2729 in
1083 2681 1188 2730 sentem

154 2744 196 2794 tia
206 2760 257 2794 asa
267 2744 349 2808 gloss;
365 2745 410 2794 but
420 2743 520 2794 Vahlen
531 2759 570 2808 cp.
584 2744 660 2793 Brut.
674 2755 739 2794 x111.
753 2754 791 2808 50.
812 2745 951 2794 “Breur'tru
960 2745 1017 2794 laus
1023 2746 1188 2795 utinterdum

156 2811 183 2859 in
194 2811 281 2874 aliqua
286 2816 360 2874 parre
368 2809 470 2868 dicendi,
484 2809 513 2858 in
530 2809 647 2858 unmersa
662 2809 795 2874 eloquentia
810 2809 908 2859 laudam
925 2827 974 2860 nan
990 2809 1085 2860 habet.”
1118 2811 1190 2859 Even

155 2891 171 2924 a
192 2875 260 2940 good
281 2875 386 2939 speaker
402 2881 469 2925 must
485 2881 529 2924 not
546 2873 605 2924 take
624 2889 658 2939 up
676 2874 718 2926 the
737 2873 838 2925 timeof
853 2875 897 2925 the
916 2876 1014 2938 Senate,
1028 2877 1057 2926 in
1073 2875 1190 2925 sentmtrb

156 2941 266 2990 dr'cenda:
283 2955 323 3004 cp.
338 2941 367 2989 de
379 2939 448 2990 Orat.
462 2939 480 2989 l.
493 2955 513 2989 c.
1031 2983 1035 2994 ,

220 3003 276 3054 nisi
296 3005 344 3054 out
363 3005 498 3066 peccante.
541 3003 567 3054 A
588 3002 649 3068 long
666 3003 757 3068 speech
775 3004 796 3054 is
813 3005 972 3055 admissible:
1006 3005 1042 3067 (1)
1069 3004 1190 3068 “against

156 3068 244 3130 time,''
261 3069 284 3120 if
299 3069 342 3119 the
353 3070 444 3119 Senate
463 3070 484 3119 is
495 3068 572 3134 likely
582 3076 609 3119 to
619 3084 653 3133 go
664 3085 750 3135 wrong
762 3070 882 3134 (persons,
895 3071 922 3119 in
934 3070 1019 3121 favour
1030 3069 1060 3118 of
1070 3085 1086 3118 a
1095 3070 1191 3119 vicious

156 3151 275 3195 measure,
289 3135 383 3199 having
389 3149 458 3199 gone
468 3135 547 3184 round
559 3141 585 3184 to
596 3134 661 3184 their
670 3134 763 3184 friends
773 3134 823 3184 and
840 3135 942 3185 secured
953 3135 1017 3184 their
1032 3135 1189 3197 attendance)

131 3261 133 3265 Ι
158 3201 207 3250 and
219 3216 252 3250 no
275 3200 422 3264 Magistrate
434 3215 516 3250 comes
527 3207 554 3250 to
565 3199 608 3249 the
624 3215 708 3249 reseue
724 3199 785 3249 with
795 3199 835 3249 his
850 3207 919 3260 veta,·
950 3201 987 3261 (2)
1005 3199 1025 3249 ir
1037 3198 1146 3264 justified
1157 3200 1192 3265 by

157 3267 201 3316 the
218 3266 373 3330 importance
391 3265 420 3314 of
435 3265 477 3315 the
497 3264 600 3329 subject.
637 3264 713 3315 Some
730 3264 794 3314 refer
810 3264 880 3325 quod
889 3265 921 3314 fit
938 3266 987 3314 oet.
1007 3273 1034 3315 to
1052 3263 1134 3326 longo
1150 3279 1188 3317 or.

155 3330 301 3408 utendum,
318 3331 345 3380 in
362 3329 444 3380 which
457 3345 520 3390 case,
536 3328 625 3379 Bake’s
633 3329 823 3405 transposition:
840 3329 975 3391 utendum,
989 3329 1192 3392 quod-saepis·

157 3394 307 3511 molisii
321 3395 751 3521 Ἒὲὲάῗῗῗιζῗιῗῖὴκῗὲἑῗᾶὶιῇη.
774 3470 854 3508 xxxr.
878 3459 946 3524 774)
964 3460 1029 3511 earo
1045 3460 1192 3512 acrama

157 3523 927 3654 ttpnl.l.²l⁰hirrttt3lh‘ellitstlat
943 3525 1192 3642 tntilli*

158 3658 257 3718 Caesar,
272 3629 334 3706 seir.
350 3607 403 3707 iza.
419 3668 438 3706 1.
453 3669 492 3720 32.
529 3605 666 3720 (Longfn.
681 3656 714 3704 R.
728 3605 1010 3717 vlrinlivnfiii
1128 3629 1134 3642 '
1164 3609 1188 3658 μ’

223 3724 246 3782 ς.
267 3721 308 3771 41.
351 3733 445 3770 causas
465 3720 564 3782 populi.
611 3720 789 3770 “understand
805 3720 848 3770 the
867 3721 949 3770 affairs
968 3720 998 3771 of
1013 3721 1055 3772 the
1078 3721 1192 3773 nation.”

159 3787 229 3902 Balfie
240 3794 332 3901 qrffi
342 3793 391 3850 pra
400 3786 486 3848 Balbo,
505 3797 564 3836 xtx.
578 3794 629 3850 45„
643 3785 726 3836 where
737 3798 830 3836 musas
847 3785 869 3836 is
887 3786 994 3852 coupled
1003 3788 1192 3854 pnepmegesin

158 3861 201 3904 wli
230 3863 262 3904 00
332 3864 402 3904 0110&
