2818 4320
234 325 296 392 134
556 313 561 326 '
643 305 823 376 CICERO

227 470 330 537 talem
357 470 525 535 civitatem
541 467 672 535 ruisse:
704 487 933 554 quaecumque
964 467 1105 532 mutatio
1132 485 1263 530 morum

229 576 263 639 in
288 572 492 658 principibus
520 572 694 650 exstiterit,
721 572 863 638 eandem
889 574 924 637 in
951 571 1076 656 populo
1104 577 1264 635 secutam.

230 691 278 760 32.
325 676 432 760 quue
456 675 548 740 haud
573 675 673 759 paulo
698 685 749 742 est
763 677 871 742 verius
894 695 995 760 quam
1018 672 1108 758 quod
1133 672 1265 738 Platoni

230 788 344 846 nostro
382 779 500 863 placet,
529 780 587 863 qui
617 780 818 846 musicorum
854 779 1007 844 cantibus
1043 778 1092 842 ait
1128 775 1266 841 mutatis

189 883 351 966 smutari
380 883 551 947 civitatum
588 891 716 948 status:
749 903 813 966 ego
849 891 962 947 autern
998 880 1159 947 nobilium
1196 879 1267 944 vita

229 988 385 1070 victuque
411 994 541 1050 mutato
567 1004 685 1050 mores·
700 986 819 1051 mutari
850 986 1020 1050 civitatum
1049 993 1141 1068 puto.
1187 981 1265 1066 Quo

124 1165 127 1172 ¹
230 1089 443 1174 perniciosius
472 1088 515 1153 de
544 1108 579 1152 re
608 1088 741 1171 publica
768 1096 936 1153 merentur
957 1088 1067 1154 vitiosi
1092 1087 1267 1171 principes,

229 1194 320 1280 quod
343 1213 409 1258 non
435 1192 543 1257 solum
564 1193 646 1257 vitia
660 1192 850 1275 concipiunt
869 1192 940 1276 ipsi,
956 1192 1016 1256 sed
1031 1211 1071 1256 ea
1086 1190 1267 1255 infundunt

230 1298 264 1361 in
287 1297 464 1372 civitatem,
491 1315 599 1379 neque
624 1295 732 1360 solum
759 1295 889 1370 obsunt,
916 1296 1007 1380 quod
1033 1295 1096 1379 ipsi
1118 1313 1265 1358 comun-

170 1418 209 1466 10
231 1409 362 1484 puntur‚
386 1398 562 1464 sedetiam
589 1399 680 1482 quod
703 1407 918 1483 corrumpunt
941 1397 1081 1483 plusque
1106 1395 1266 1481 exemplo

231 1525 332 1588 quarn
358 1511 497 1587 peccato
534 1509 663 1568 nocent
715 1501 833 1586 Atque
862 1501 946 1567 haec
974 1501 1040 1579 lex,
1070 1500 1212 1566 dilatata
1233 1501 1267 1564 in

230 1607 381 1690 ordinem
417 1613 583 1682 cunctum,
613 1606 823 1689 coangustari
860 1606 961 1670 etiam
999 1611 1133 1691 potest;
1169 1603 1267 1687 pauci

136 1731 138 1738 ·
232 1711 321 1774 enim
335 1717 437 1793 atque
452 1707 635 1772 admodum
651 1710 749 1792 pauci
762 1708 889 1775 honore
904 1717 938 1774 et
953 1708 1058 1792 gloria
1072 1707 1266 1791 amplificati

230 1813 283 1880 vel
312 1831 521 1895 corrumpere
556 1831 664 1876 mores
690 1813 833 1878 civitatis
856 1813 909 1877 vel
932 1813 1094 1896 corrigere
1116 1820 1264 1896 possunt

171 1932 206 2000 15
233 1915 300 1982 Sed
324 1915 408 1979 haec
433 1923 468 1979 et
482 1934 570 1979 nunc
595 1916 677 1979 satis
692 1924 727 1980 et
754 1917 787 1980 in
813 1914 877 1980 illis
903 1915 993 1981 libris
1019 1924 1162 1982 tractata
1188 1923 1266 1980 sunt

231 2019 444 2101 diligentius:
465 2037 567 2101 quare
582 2017 625 2081 ad
641 2018 767 2102 reliqua
781 2019 961 2084 veniamus.
1107 2029 1110 2036 ’

294 2121 369 2187 XV.
413 2139 463 2208 33.
510 2120 704 2186 Proximum
732 2130 783 2187 est
797 2131 911 2189 autem
926 2122 969 2187 de
990 2121 1163 2205 suffragiis,
1179 2141 1265 2204 quae

231 2226 329 2292 iubeo
355 2234 435 2290 nota
450 2245 522 2290 esse
548 2225 775 2308 optimatibus,
789 2226 916 2310 populo
937 2225 1048 2291 libera
1092 2225 1165 2291 Art.
1211 2226 1265 2290 Ita

231 2352 285 2396 me
313 2327 446 2396 hercule
475 2327 612 2404 attendi,
643 2349 704 2393 nec
728 2330 810 2393 satis
835 2329 991 2396 intellexi
1012 2329 1093 2412 quid
1119 2327 1190 2396 sibi.
1208 2327 1265 2392 lex

167 2451 209 2500 20
231 2442 289 2498 aut
304 2433 384 2521 quid
399 2427 500 2498 verba
515 2431 578 2496 ista
593 2429 740 2496 vellent.
788 2431 839 2496 M.
891 2431 1020 2508 Dicam,
1036 2431 1122 2509 Tite,
1139 2440 1174 2497 et
1195 2452 1265 2496 ver-

229 2537 328 2602 sabor
363 2537 397 2600 in
434 2555 469 2602 re
505 2533 628 2598 difficili
657 2555 697 2599 ac
720 2534 862 2599 multum
900 2544 935 2600 et
971 2555 1072 2619 saepe
1104 2535 1264 2618 quaesita,

231 2767 336 2817 Aristot.
361 2765 414 2817 Pol.
439 2776 470 2815 11.
495 2781 517 2816 c.
541 2777 578 2816 11.
614 2765 666 2815 For
687 2767 806 2815 mutam
825 2777 883 2816 nisa.
908 2763 973 2816 hare
1004 2765 1037 2816 A.
1061 2771 1209 2828 secuturam,
1233 2765 1262 2817 B.

230 2847 347 2884 securam.

295 2899 318 2958 g.
336 2895 375 2945 82.
410 2893 527 2945 Pntont
543 2907 573 2946 11.
587 2897 608 2954 §-
623 2907 661 2958 39.
677 2912 703 2946 n.

295 2957 434 3023 quodipst
471 2960 567 3010 Gb'renz
578 2960 661 3009 would
673 2961 732 3010 read
743 2961 791 3024 ipsi
808 2961 922 3025 quodcp.
935 2962 957 3021 5.
982 2959 1020 3011 16.
1043 2961 1107 3024 ‘ipse
1123 2959 1195 3025 qui5'
1211 2961 1265 3020 but,

231 3044 258 3078 as
271 3027 340 3078 Bake
359 3041 423 3090 says,
437 3023 506 3074 there
517 3026 596 3091 ipseis
607 3026 695 3090 placed
712 3027 738 3075 in
749 3041 781 3074 an
792 3027 897 3076 unusual
916 3025 1032 3090 position,
1047 3026 1085 3075 ior
1104 3025 1146 3076 the
1164 3025 1224 3076 sake
1241 3026 1272 3077 oi

231 3092 365 3158 emphasis,
386 3091 461 3156 being
480 3091 592 3156 opposed
615 3098 642 3140 to
663 3092 782 3156 reliquis,
809 3092 868 3142 here
886 3091 929 3142 the
947 3091 1132 3157 oppositionis
1154 3091 1268 3142 between

230 3157 716 3286 cantandumaetmrmmfflmpggahw,
739 3219 844 3281 (eoam
855 3222 917 3282 oet.)
937 3237 965 3270 as
980 3221 1068 3297 stated,
1086 3221 1270 3284 comprehende

232 3289 274 3366 the
292 3288 374 3366 whole
384 3287 452 3352 body
464 3287 493 3345 of
501 3289 636 3348 senators,
651 3295 701 3351 yet,
710 3286 741 3335 'in
752 3287 824 3351 point
834 3286 864 3336 of
871 3287 927 3348 fact,
941 3287 962 3337 it
975 3286 1073 3352 apphes
1089 3294 1116 3336 to
1132 3302 1193 3351 very
1208 3287 1265 3337 few.

231 3352 382 3478 fflussbldlsss.
397 3355 582 3467 emenhmfflh
619 3417 731 3481 Wagner
741 3423 829 3482 quotes
840 3418 947 3468 Festus:
967 3417 1114 3466 “Mecastor
1130 3422 1154 3466 et
1171 3417 1269 3468 Meher-

232 3483 296 3534 culer
312 3483 489 3532 iusiurandum
507 3489 576 3533 erat:
612 3483 669 3532 uari
683 3483 806 3542 dr'ccretrrr,
821 3482 856 3531 ila
872 3498 909 3531 me
932 3483 1025 3543 Castor,
1047 3484 1083 3532 ita
1104 3481 1271 3532 mcHerculcs

232 3555 262 3600 ut
270 3548 435 3596 subaudiatur
448 3546 569 3598 ‘luvet’.”
632 3563 689 3598 oser
699 3547 810 3598 remarks
821 3547 876 3598 that
885 3548 993 3597 Heracle
1001 3547 1051 3597 and
1062 3547 1156 3597 Herma
1170 3563 1213 3598 are
1224 3547 1270 3598 old

232 3613 309 3663 forms
320 3613 349 3662 of
357 3613 398 3662 the
409 3613 579 3673 nominative;
596 3628 629 3662 on
640 3613 683 3662 the
695 3613 818 3678 tendency
836 3619 862 3662 to
873 3612 936 3678 drop
949 3612 1009 3662 final
1026 3630 1040 3662 s
1056 3613 1107 3678 cp.¹
1118 3612 1170 3664 Cic.
1194 3614 1266 3664 Orat.

232 3689 332 3728 xnv111.
361 3675 428 3738 161.;
445 3677 521 3738 Pelle,
543 3679 651 3742 Emml.
676 3690 727 3728 xrr.
752 3691 776 3728 2.
813 3679 883 3729 Here
904 3680 945 3728 tta
962 3677 1066 3742 belongs
1086 3685 1113 3727 to
1132 3677 1269 3728 attendi—

235 3743 319 3802 “Yes,
341 3741 439 3800 indeed,
453 3758 482 3792 so
501 3741 679 3803 Iobserred;”
696 3758 744 3794 one
762 3743 846 3793 would
863 3743 895 3793 be
906 3743 1018 3807 tempted
1037 3750 1064 3792 to
1075 3742 1164 3808 couple
1175 3744 1195 3794 it
1206 3743 1269 3794 nith

231 3820 274 3858 me
290 3805 450 3857 hercule-“
461 3807 540 3873 Upon
557 3823 600 3872 my
618 3809 696 3868 word,
719 3808 732 3857 I
752 3824 804 3858 was
822 3808 857 3858 all
876 3808 999 3860 attention
1006 3805 1119 3859 ”-were
1136 3808 1156 3858 it
1166 3815 1212 3859 not
1228 3808 1269 3860 for

228 3881 275 3939 pra
285 3872 387 3937 ligario
397 3883 423 3921 v.
441 3883 478 3921 12.
517 3873 536 3898 ‘⁸
544 3873 579 3921 r'tn
590 3871 722 3923 mehercule
730 3871 866 3925 existimo.”
