2754 4322
464 314 536 378 DE
572 297 798 381 nucleus.
1107 322 1151 385 49

121 490 187 554 que
200 480 319 538 natura
333 475 527 540 coniunctos
541 495 619 540 suos
641 475 776 541 duxerit
799 472 992 557 cultumque
1014 470 1153 534 deorum

120 583 156 638 et
177 595 293 658 puram
317 576 510 661 religionem
531 579 712 662 susceperit
737 588 772 643 et
796 576 967 643 exacuerit
988 573 1089 648 illam,
1115 577 1154 634 ut

121 677 301 757 oculorum,
317 681 364 745 sic
380 681 502 764 ingenii
521 682 626 746 aciem
653 683 697 746 ad
720 683 809 746 bona
832 679 986 765 eligenda
1004 686 1040 743 et
1064 674 1154 740 reici-

119 781 208 845 enda
221 784 394 861 contraria,
410 804 497 867 quae
510 785 613 850 virtus
628 806 673 850 ex
688 784 893 868 providendo
913 790 965 848 est
985 777 1154 864 appellata

118 883 316 966 prudentia:
346 887 428 970 quid
454 907 495 951 eo
518 887 583 953 dici
609 898 668 953 aut
692 888 829 972 cogitari
855 885 979 972 poterit
1000 878 1153 948 beatius?
1178 889 1193 956 5

117 986 170 1057 61.
225 988 389 1073 Idemque
425 1010 501 1054 cum
533 990 671 1068 caelum,
695 971 815 1069 terras,
845 991 949 1056 maria
977 1003 1153 1068 rerumque

118 1090 269 1156 omnium
298 1101 452 1156 naturam
482 1095 696 1178 perspexerit,
729 1114 834 1177 eaque
862 1093 953 1158 unde
986 1096 1152 1174 generata,

118 1213 188 1277 quo
203 1204 379 1272 recurrant,
396 1196 539 1279 quando,
561 1217 629 1280 quo
654 1197 756 1261 modo
779 1196 918 1271 obitura,
941 1193 1022 1277 quid
1045 1193 1079 1255 in
1101 1189 1154 1253 his

119 1296 262 1361 mortale
287 1306 322 1363 et
346 1297 518 1376 caducum,
548 1300 629 1384 quid
659 1300 808 1365 divinum
837 1306 1075 1379 aeternumque
1100 1292 1152 1368 sit,

118 1399 241 1465 viderit
269 1401 444 1485 ipsumque
473 1423 512 1467 ea
538 1403 767 1468 moderantem
792 1411 828 1468 et
852 1408 1023 1486 regentem
1048 1415 1155 1483 paene
1181 1411 1219 1459 10

119 1503 292 1588 prenderit
319 1524 458 1589 seseque
487 1526 553 1570 non
583 1507 680 1570 unius
709 1506 951 1571 circumdatum
981 1498 1154 1568 moenibus

119 1605 196 1683 loci,
210 1614 263 1671 set
276 1607 382 1673 civem
397 1608 499 1673 totius
515 1609 630 1673 mundi
645 1609 740 1693 quasi
755 1609 852 1674 unius
865 1608 956 1673 urbis
973 1602 1153 1690 agnoverit,

119 1711 156 1776 in
170 1710 234 1775 hac
248 1710 304 1776 ille
318 1712 565 1796 magnificentia
579 1732 687 1776 rerum
709 1721 810 1796 atque
830 1713 864 1778 in
884 1711 950 1778 hoc
975 1714 1154 1792 conspectu

121 1821 158 1879 et
194 1815 384 1898 cognitione
414 1825 560 1893 naturae,
591 1815 626 1879 di
655 1815 857 1894 inmortales,
887 1835 989 1900 quam
1018 1834 1055 1879 se
1083 1811 1154 1895 ipse

120 1926 245 1996 noscet,
258 1919 349 2002 quod
360 1918 487 2003 Apollo
499 1919 667 2003 praecepit
679 1919 827 2003 Pythius,
840 1939 941 2002 quam
953 1921 1154 1990 contemnet,
1182 1929 1193 1974 1
1200 1924 1216 1992 5

119 2041 223 2105 quam
238 2021 407 2106 despiciet,
423 2042 525 2106 quarn
541 2042 601 2106 pro
616 2020 718 2096 nihilo
733 2022 865 2105 putabit
879 2043 928 2099 ea,
947 2041 1034 2105 quae
1053 2017 1155 2100 volgo

120 2124 277 2189 dicuntur
290 2124 514 2209 amplissima!
559 2123 689 2190 XXIV.
733 2120 783 2193 62.
816 2123 934 2209 Atque
946 2123 1030 2196 haec
1044 2119 1156 2186 omnia

120 2227 217 2311 quasi
232 2228 440 2311 saepimento
454 2226 567 2311 aliquo
579 2225 717 2292 vallabit
731 2227 913 2292 disserendi
931 2226 1066 2301 ratione,
1087 2222 1156 2288 veri

62 2377 64 2380 -
120 2336 157 2394 et
181 2328 255 2393 salsi
275 2329 443 2394 iudicandi
463 2330 602 2395 scientia
623 2339 657 2396 et
679 2338 751 2396 arte
772 2331 918 2415 quadam
932 2324 1155 2434 intellegendi,

122 2431 205 2516 quid
220 2451 388 2516 quamque
404 2453 474 2516 rem
496 2441 655 2516 sequatur
680 2442 714 2499 et
736 2433 818 2517 quid
841 2433 886 2499 sit
911 2432 1056 2518 quoique
1078 2448 1156 2494 con·
1179 2443 1222 2492 20

122 2692 223 2744 Were
215 2700 236 2744 rt
245 2700 290 2743 not
301 2693 355 2744 that
371 2693 503 2746 eleoerlt
496 2711 517 2746 rs
535 2696 590 2746 said
607 2701 634 2746 to
652 2695 685 2745 be
704 2694 746 2746 the
765 2696 868 2762 reading
886 2695 916 2747 of
931 2695 1031 2748 inferior
1049 2709 1109 2748 ιιεε.
1142 2697 1156 2746 1

122 2759 214 2812 should
225 2759 258 2809 be
268 2758 377 2810 inclined
388 2766 414 2811 to
425 2760 515 2811 hazerd
527 2760 620 2812 eluerit
632 2761 680 2823 (for
632 2761 781 2823 (anun
797 2777 828 2826 cp
830 2763 953 2827 .soedus
942 2777 1008 2812 rcere.

189 2823 312 2886 cogitari.
344 2824 415 2876 Bake
430 2826 533 2876 defends
549 2826 599 2876 this
617 2825 720 2892 reading
787 2827 835 2876 nst
850 2827 905 2879 that
926 2827 956 2878 of
973 2828 1074 2878 inferior
1096 2838 1153 2877 uss.

122 2888 286 2952 excogitari:
309 2889 462 2956 ‘imagined’
473 2891 597 2957 rsclecrly
606 2907 676 2942 more
691 2843 755 2943 suita
773 2892 797 2943 le
812 2892 874 2943 than
893 2892 1026 2944 ‘devised'
1059 2907 1098 2958 cp.
1112 2893 1153 2940 ad.

25 2935 28 2942 ’
122 2954 343 3006 Attr'c..1x.6n

188 3021 210 3082 5
225 3021 264 3070 61.
284 2953 445 3112 mumque.
481 3021 569 3072 Feldh.
583 3021 694 3072 remarks
704 3022 759 3072 that
769 3021 858 3072 Cicero
869 3021 1035 3086 oceasronally
1042 3036 1098 3071 uses
1108 3021 1158 3086 ipse

123 3085 150 3135 in
161 3085 277 3136 reflexive
287 3087 380 3136 sense‘
384 3088 453 3136 ‘mm
463 3087 491 3136 ιἰι
502 3088 553 3151 ipso
562 3087 661 3137 homine
668 3089 708 3136 vel
716 3103 743 3136 re
755 3088 873 3137 notanda
884 3087 941 3136 aab
948 3085 1158 3147 attemperanda

124 3157 275 3265 Qunam
284 3152 403 3266 armagis
411 3149 471 3202 est.”
504 3153 582 3214 But,'
575 3168 597 3202 rs
607 3153 627 3202 it
638 3153 705 3203 clear
715 3151 788 3203 that
778 3166 867 3214 aprum
877 3153 938 3203 does
948 3159 993 3201 not
1003 3151 1066 3201 refer
1076 3158 1103 3202 to
1114 3152 1156 3203 the

170 3231 272 3265 ummus
281 3215 361 3266 Dem’

189 3281 342 3331 nonuniua
378 3281 478 3332 Vahlen
488 3281 591 3332 defends
602 3282 645 3332 the
656 3281 759 3346 reading
769 3281 878 3331 nonnis
897 3281 966 3342 (uss.
987 3280 1085 3342 οιιιιιιί)
1104 3281 1158 3333 oir-

124 3345 277 3395 onmdatum
288 3346 419 3397 mmmlrus
428 3347 582 3410 popularem
592 3347 706 3397 alicuius
716 3297 821 3397 dugefiniti
830 3345 891 3406 loci,
905 3346 951 3396 but
967 3346 1039 3398 other
1058 3348 1159 3398 Editors

125 3411 254 3487 recognize
274 3411 428 3474 popularem
443 3412 478 3462 aL
497 3413 549 3462 def.
569 3428 597 3463 as
615 3428 631 3461 a
647 3413 722 3476 gloss.
757 3411 888 3461 Turnebus
907 3411 1018 3461 remarks
1036 3413 1090 3464 that
1109 3415 1159 3464 this

116 3477 447 3591 ajuntpimentwascommon
457 3485 485 3528 to
497 3477 578 3529 Storce
596 3477 814 3528 andAcademics.
850 3491 889 3541 cp.
903 3477 961 3527 din.
982 3489 1025 3528 111.
1049 3491 1086 3542 19.
1107 3480 1158 3542 64;

151 3557 164 3589 c
218 3553 229 3589 1
434 3578 439 3591 .

189 3550 274 3666 662Ῠ
288 3555 328 3592 21.
298 3606 469 3670 mulmento.
489 3607 545 3656 The
556 3607 699 3671 Storoe
648 3606 749 3722 {gissei
761 3613 788 3656 to
799 3605 952 3672 Phrlosophy
962 3608 1004 3659 the
1015 3609 1096 3659 smnle
1106 3610 1136 3661 oi
1142 3625 1158 3659 a

124 3668 206 3722 remle
216 3671 293 3733 field
309 3672 339 3722 ol
345 3673 428 3724 whrch
439 3673 579 3732 διαλεκτική
588 3687 641 3721 was
685 3671 800 3733 efenoe,
819 3673 892 3734 ἠθικι)
909 3673 951 3724 the
969 3674 1044 3736 struit,
1067 3677 1189 3740 φυσική

125 3734 237 3786 themil.
274 3737 385 3798 (Preller,
398 3737 468 3789 Her.
478 3738 608 3801 Ρ6ί1.36
609 3736 670 3800 96..)

125 3865 157 3926 (ἃ
191 3800 450 3853 verr-sonuerim
471 3803 533 3852 This
544 3802 626 3853 clause
637 3801 825 3853 rsadesrnrtrou
833 3803 863 3854 oi
874 3802 1030 3859 ‘demerendi
1040 3803 1157 3856 ratione*

158 3868 293 3928 ιλιιιτιιή).

1043 3945 1061 3978 c
