2754 4322
235 299 278 366 34
641 283 817 354 cacano

234 459 419 526 commodis
455 445 576 541 omnia,
619 459 748 538 videtis,
784 459 894 538 credo,
930 460 1011 544 quid
1048 459 1093 526 sit
1128 467 1275 524 acturus.
1357 473 1358 558 ,

234 559 335 645 Quod
365 564 393 627 si
422 565 559 648 negabit
587 585 624 629 se
653 563 701 629 illi
729 565 833 630 vitam
863 572 1054 647 erepturum
1084 572 1119 628 et
1153 584 1275 627 aurum

233 664 431 744 ablaturum,
447 687 630 751 numquam
657 667 790 732 obeam
806 688 941 732 causam
964 668 1109 751 negabit,
1123 667 1215 751 quod
1237 667 1274 731 id

234 776 352 833 natura
373 778 471 854 turpe
493 771 624 848 iudicet,
648 771 706 836 sed
731 770 821 854 quod
845 778 974 836 metuat
998 790 1040 834 ne
1065 779 1210 848 emanet,
1236 770 1273 834 id

231 878 295 949 est,
324 892 366 936 ne
396 872 520 937 malum
546 873 677 939 habeat
723 872 754 940 Ο
785 893 862 950 τεῐη,
881 873 1028 957 dignam,
1050 873 1085 938 in
1110 893 1178 958 qua
1202 893 1274 937 non

233 973 335 1040 modo
350 975 450 1055 docti,
464 977 634 1042 sedetiam
651 985 799 1061 agrestes
814 976 1037 1042 erubescant?

297 1076 372 1144 XV.
416 1092 466 1158 42.
513 1081 586 1145 Iam
608 1101 687 1146 vero
707 1079 789 1144 illud
812 1079 1055 1157 stultissimum,
1077 1078 1273 1144 existimare

232 1180 345 1245 omnia
359 1182 447 1248 iusta
472 1204 552 1260 esse,
569 1204 655 1266 quae
670 1184 734 1248 sita
748 1184 815 1247 sint
835 1183 869 1246 in
884 1182 1082 1267 populorum
1110 1182 1272 1246 institutis

231 1291 290 1348 aut
315 1284 452 1370 legibus.
492 1287 664 1364 Etiamne,
679 1287 706 1350 si
731 1306 816 1368 quae
831 1285 922 1370 leges
937 1287 1004 1351 sint
1024 1285 1271 1370 tyrannorum?

170 1401 210 1449 10
232 1387 268 1454 Si
291 1389 429 1474 triginta
455 1389 500 1454 illi
526 1389 671 1454 Athenis
694 1388 785 1472 leges
809 1390 980 1473 imponere
1004 1388 1186 1454 voluissent
1209 1398 1271 1454 aut

229 1491 256 1555 si
280 1513 397 1557 omnes
419 1491 642 1556 Athenienses
658 1490 901 1557 delectarentur
927 1493 1108 1575 tyrannicis
1130 1491 1270 1575 legibus,

230 1614 311 1658 num
327 1595 449 1659 idcirco
471 1615 531 1658 eae
545 1593 635 1677 leges
651 1594 758 1658 iustae
775 1593 997 1661 haberentur?
1019 1594 1143 1673 Nihilo,
1157 1595 1270 1669 credo,

231 1697 338 1780 magis
364 1697 429 1775 illa,
444 1717 545 1780 quam
561 1697 707 1762 interrex
732 1706 845 1763 noster
859 1699 945 1776 tulit,
959 1707 997 1762 ut
1012 1698 1156 1763 dictator
1166 1718 1268 1780 quem

228 1799 331 1865 vellet
345 1800 465 1864 civium
483 1799 555 1884 [aut
569 1800 693 1865 indicta
708 1801 822 1884 causa]
838 1801 961 1885 inpune
980 1810 1094 1884 posset
1109 1800 1269 1866 occidere.

171 1916 205 1983 ις
231 1903 296 1966 Est
311 1903 399 1967 enim
414 1924 518 1967 unum
534 1903 593 1979 ius,
609 1924 676 1986 quo
691 1904 846 1969 devincta
865 1914 916 1969 est
930 1904 1103 1969 hominum
1126 1905 1270 1971 societas

231 2013 265 2070 et
291 2005 381 2088 quod
400 2006 463 2071 'lex
489 2007 661 2071 constituit
684 2027 772 2086 una3
798 2027 884 2090 quae
909 2007 966 2071 lex
993 2002 1045 2072 est
1068 2016 1158 2072 recta
1182 2009 1269 2072 ratio

231 2109 415 2192 imperandi
443 2117 544 2194 atque
559 2107 776 2192 prohibendi:
799 2130 899 2192 quam
927 2111 984 2193 qui
999 2111 1138 2193 ignorat,
1161 2111 1189 2174 is
1216 2121 1270 2176 est

232 2213 382 2293 iniustus,
407 2213 480 2279 sive
514 2221 566 2278 est
595 2212 652 2277 illa
681 2213 805 2297 scripta
834 2215 963 2298 uspiam
993 2215 1063 2278 sive
1092 2235 1268 2297 nusquam.

293 2481 406 2528 emanet.
445 2477 528 2527 “leak
541 2474 612 2526 out.”

293 2545 329 2604 ξς.
348 2541 455 2593 42-43,
491 2541 547 2592 The
571 2540 674 2606 opinion
702 2539 757 2590 that
782 2539 877 2604 Justice
899 2539 1003 2591 consisrs
1031 2540 1058 2590 in
1080 2539 1216 2592 obedienoe
1242 2551 1271 2594 to

228 2606 271 2720 phe
282 2607 343 2720 ltaiws
354 2608 383 2657 os
390 2609 496 2668 nations,
510 2625 526 2657 a
535 2605 762 2672 faliacy.-Justice
772 2607 822 2654 and
833 2606 876 2655 the
887 2606 988 2656 Virtues
999 2615 1050 2656 rest
1060 2622 1128 2672 upon
1143 2607 1185 2656 the
1197 2623 1268 2659 same

239 2687 289 2721 oun
307 2672 383 2722 ation.

292 2739 312 2797 ἕ.
332 2737 372 2786 42.
408 2737 468 2786 siin
503 2735 602 2786 Vahlen
613 2751 652 2800 cp.
666 2737 696 2785 de
708 2736 777 2784 Orat.
792 2735 813 2786 1.
829 2752 867 2785 xv.
883 2735 915 2799 65
939 2736 1030 2786 ‚Halm
1042 2737 1132 2802 adopts
1144 2737 1268 2790 Ernesti’s

228 2801 387 2851 emendation
398 2801 502 2850 sancita
512 2801 563 2850 and
575 2799 706 2864 Stephens’
718 2803 781 2850 sunt
791 2800 830 2850 for
840 2800 903 2851 nne

293 2866 407 2928 ungium
416 2866 468 2916 illi.
507 2865 696 2915 “Theiamous
706 2864 822 2930 Thirty.''

295 2933 345 2982 For
356 2931 445 2981 nutui.
482 2931 573 2994 Zumpt
590 2930 654 2994 coni
670 2933 697 2979 et
708 2931 739 2990 si,
753 2933 770 2980 i.
779 2947 800 2980 e.
821 2932 911 2980 “even
926 2928 972 2981 if.”
1005 2932 1044 2980 As
1060 2931 1131 2982 Bake
1148 2932 1267 2984 observes

222 3001 313 3062 pan'ere
329 2999 389 3063 leges
401 2997 501 3058 (τιθέναι
522 2995 614 3056 νόμους)
631 2994 653 3044 is
664 2995 718 3044 said
729 2996 758 3046 oi
765 2995 807 3046 the
818 2996 951 3072 legislator,
972 2997 1052 3046 iubere
1061 2999 1120 3062 leges
1142 2998 1266 3058 (τίθεσθαι

228 3064 320 3125 νόμους)
332 3063 362 3113 oi
377 3063 419 3112 the
430 3061 528 3128 people‚
550 3060 607 3110 who
623 3061 701 3125 adopt
719 3061 794 3110 them.
809 3061 894 3122 (erd.
916 3062 967 3111 and
987 3062 1058 3112 Scott
1077 3078 1119 3112 are
1140 3063 1267 3130 curiously

226 3129 356 3179 misraken
377 3129 429 3178 md.
443 3144 462 3177 s.
476 3142 500 3188 v,
512 3126 624 3186 etima).
867 3141 905 3194 ,ῃ

290 3194 416 3244 interrex.
452 3193 482 3242 L.
502 3191 616 3240 Valerius
628 3189 732 3240 Flaccus
749 3189 793 3251 (U.
811 3191 837 3240 C.
852 3190 929 3252 ὀμ).
944 3207 983 3256 cp.
1008 3192 1060 3242 Cic.
1075 3204 1119 3242 111.
1141 3194 1169 3242 in
1189 3195 1263 3245 Rull.

228 3269 259 3307 11.
273 3268 295 3322 5.
321 3261 456 3308 “amnium
475 3259 554 3322 legam
574 3257 755 3321 iniquissimam
773 3257 1010 3320 dissimillimamque
1025 3259 1139 3322 legisesse
1155 3259 1268 3308 arbitror

226 3339 369 3386 coaequam
388 3326 419 3374 L.
441 3325 544 3373 Maccus
564 3323 672 3371 interrex
693 3321 722 3370 de
737 3323 810 3370 Sulla
827 3323 887 3370 tulit
904 3329 933 3370 ut
948 3324 1033 3372 amnia
1051 3339 1207 3388 quaecunque
1223 3327 1270 3374 ille

219 3388 316 3450 fecisset
325 3396 399 3438 essent
408 3387 487 3439 rata”
505 3389 665 3450 (Mommsen,
679 3387 714 3436 H.
729 3388 762 3437 R.
775 3386 818 3436 bk.
834 3399 871 3436 lv,
886 3403 907 3436 n
921 3388 967 3448 ra).
1266 3411 1269 3422 ·

290 3453 482 3503 autiudiotao.
518 3454 579 3503 Ace
605 3461 632 3503 to
655 3452 734 3501 Halm
756 3453 806 3501 and
829 3452 969 3516 Feldhugel
990 3452 1040 3502 this
1062 3452 1083 3501 is
1104 3469 1120 3502 a
1141 3453 1209 3517 gloss
1228 3471 1266 3505 on

226 3517 396 3632 {ranna
410 3516 1192 3634 Vairerhrrnrrrrnrarann{aaran
1207 3536 1264 3585 ⁶³·

276 3655 342 3762 8inan
352 3646 483 3698 devincta
520 3661 578 3698 uss.
592 3649 732 3712 havequod
747 3649 771 3697 d.
791 3646 893 3697 whence
913 3599 992 3697 Halrir
1012 3649 1076 3712 conj.
1097 3650 1155 3712 quoi
1170 3650 1194 3699 d.
1218 3667 1263 3716 cp.

239 3727 272 3763 .1
293 3751 299 3764 .

224 3715 238 3774 5
289 3779 402 3840 ignorat.
441 3775 592 3842 “ignores”
626 3777 696 3828 Bake
714 3775 825 3827 remarks
836 3776 925 3827 thatin
937 3779 957 3837 ξ.
975 3768 1011 3828 rr.
1027 3785 1109 3828 noscat
1124 3779 1144 3828 is
1156 3781 1219 3831 used
1236 3782 1266 3832 in

224 3844 267 3893 the
279 3845 393 3910 opposite
404 3859 481 3893 sense.
