2818 4320
525 309 595 374 DE
631 309 859 377 LEGIBUS.
1165 307 1206 388 89

171 476 271 560 notus
294 468 347 546 sit,
370 488 415 533 ex
441 489 509 552 quo
535 470 676 535 ducatur
701 489 854 555 quaeque
876 486 953 553 pars
975 469 1063 546 iuriS,
1079 477 1117 534 ut
1139 487 1205 532 non

171 571 304 636 difficile
333 573 386 650 sit,
416 574 473 656 qui
503 574 605 638 modo
638 575 773 656 ingenio
801 575 907 658 possit
936 573 1068 650 moveri,
1106 591 1206 655 quao-

169 689 314 759 cumque
322 696 409 740 nova
417 696 517 741 causa
525 676 766 742 consultatiove
774 677 1014 755 acciderit,eius
1023 684 1136 740 tenere
1145 677 1204 752 ius,

170 798 273 861 quom
288 779 373 843 scias
387 799 408 842 a
423 799 490 863 quo
505 780 548 844 sit
560 781 668 863 capite
683 780 909 863 repetendum.
947 780 1045 844 XIX.
1067 789 1117 860 47.
1136 777 1204 842 Sed

169 882 248 946 iuris
270 881 421 960 consulti,
448 883 517 948 sive
542 884 659 947 erroris
690 882 857 948 obiciundi
879 903 989 959 causa,
1017 902 1084 964 quo
1110 880 1206 965 plura
1220 933 1222 938 .
1229 892 1245 962 5

170 993 206 1049 et
220 985 402 1049 difficiliora
415 986 499 1056 scire
513 986 696 1062 videantur,
709 987 786 1062 sive,
802 986 892 1070 quod
908 985 1045 1049 similius
1060 986 1128 1050 veri
1144 993 1203 1059 est,

170 1087 377 1170 ignoratione
392 1087 657 1152 docendi-nam
672 1109 739 1153 non
754 1089 863 1155 solum
878 1089 960 1153 scire
977 1087 1102 1170 aliquid
1124 1089 1204 1153 artis

169 1199 230 1267 est,
253 1191 312 1255 sed
335 1192 500 1275 quaedam
524 1213 576 1256 ars
598 1202 646 1256 est
669 1193 770 1257 etiam
795 1192 1088 1275 docendi-saepe,
1112 1190 1203 1274 quod

169 1295 315 1378 positum
331 1304 382 1359 est
397 1296 430 1359 in
446 1316 512 1360 una
526 1296 725 1378 cognitione,
741 1295 774 1359 id
787 1295 822 1359 in
832 1294 995 1359 infinitam
1006 1295 1204 1378 dispertiun-

168 1407 243 1462 tur:
269 1397 420 1464 velutin
447 1397 510 1463 hoc
540 1399 612 1481 ipso
641 1419 771 1483 genere,
801 1419 903 1482 quam
933 1417 1093 1480 magnum
1121 1395 1203 1460 illud
1231 1413 1270 1461 10

170 1499 350 1566 Scaevolae
366 1502 498 1580 faciunt,
515 1501 688 1585 pontifices
707 1502 807 1568 ambo
828 1510 862 1566 et
884 1500 993 1566 eidem
1016 1501 1094 1564 iuris
1119 1500 1203 1584 peri-

168 1605 307 1670 tissimi!
342 1603 488 1688 ‘Saepe’
512 1606 620 1689 inquit
649 1604 743 1669 Publi
768 1604 863 1683 filius,
885 1610 948 1668 ‘ex
974 1612 1069 1686 patre
1092 1602 1202 1668 audivi

168 1708 361 1792 pontificem
391 1708 516 1773 bonum
546 1710 714 1772 neminem
751 1729 824 1773 esse
853 1707 916 1780 nisi
945 1707 1002 1790 qui
1031 1706 1082 1771 ius
1108 1705 1203 1770 civile

168 1811 364 1894 cognosset'
408 1810 600 1876 Totumne?
627 1811 708 1895 quid
724 1811 794 1875 itai
820 1811 900 1895 quid
923 1810 1012 1874 enim
1035 1809 1078 1874 ad
1093 1809 1203 1894 ponti-

82 1995 84 2000 ·
168 1914 265 1978 ficem
281 1915 324 1978 de
346 1915 416 1979 iure
438 1915 602 1997 parietum
625 1923 683 1978 aut
706 1935 866 1998 aquarum
891 1922 949 1979 aut
974 1913 1042 1978 ullo
1066 1914 1202 1979 omnino
1229 1925 1263 1993 15

169 2018 231 2081 nisi
246 2038 296 2095 eo,
312 2017 494 2102 quodcum
511 2017 668 2101 religione
683 2019 896 2083 coniunctum
917 2016 992 2082 est?
1022 2017 1063 2081 Id
1089 2025 1202 2082 autem
1239 2013 1240 2018 ’

168 2113 367 2203 quantulum
382 2121 452 2186 est!
467 2121 510 2185 de
524 2121 634 2197 sacris,
650 2120 758 2198 credo,
775 2121 818 2184 de
832 2121 927 2197 votis,
943 2119 986 2184 de
1009 2120 1095 2184 feriis
1111 2119 1203 2184 etde

167 2223 349 2307 sepulchris
379 2233 414 2289 et
438 2225 466 2289 si
491 2223 571 2308 quid
598 2225 668 2288 eius
692 2224 783 2288 modi
807 2233 865 2289 est
911 2223 980 2288 Cur
999 2223 1099 2306 igitur
1119 2222 1203 2286 haec

167 2335 263 2392 tanta
292 2327 439 2404 iacimus,
470 2348 546 2392 cum
576 2337 687 2392 cetera
720 2347 881 2411 perparva
917 2326 992 2403 sint,
1022 2324 1066 2388 de
1101 2325 1202 2388 sacris

166 2439 290 2509 autem,
313 2431 371 2515 qui
393 2431 485 2496 locus
508 2438 602 2514 patet
625 2430 732 2507 latius,
758 2429 841 2495 haec
866 2430 910 2494 sit
936 2435 1002 2494 una
1027 2427 1201 2505 sententia,
1225 2442 1269 2492 20

230 2610 315 2672 possit
324 2609 433 2660 moveri.
450 2609 514 2659 “ior
524 2626 539 2659 a
550 2625 609 2660 man
620 2610 649 2660 oi
656 2611 732 2676 quick
742 2610 900 2676 intelligence
909 2608 933 2660 θ’
940 2611 978 2662 ae.
993 2611 1063 2675 “qui
1071 2611 1203 2673 nonplane

165 2676 280 2726 tardarit
295 2672 417 2740 ingenio,’'
434 2690 461 2725 as
479 2674 578 2725 Vahlen
595 2675 666 2726 takes
682 2676 709 2726 it.
745 2691 784 2741 cp.
798 2676 877 2728 Acad.
894 2688 913 2728 1.
927 2676 959 2726 ix.
980 2685 1031 2740 35„
1039 2683 1088 2740 pro
1104 2676 1201 2726 Archia

166 2753 230 2792 vua
248 2750 285 2804 17.
322 2741 402 2790 Halm
412 2740 502 2805 adopts
512 2740 622 2802 ingemo
633 2740 670 2790 sit
680 2741 816 2802 msdtoori,
827 2759 843 2792 a
853 2741 917 2806 conj.
932 2741 962 2792 oi
969 2741 1070 2792 Davies.

231 2818 311 2866 quom
321 2805 397 2856 solos.
437 2806 535 2856 “when
545 2821 594 2856 one
604 2805 719 2858 knows.”
755 2807 771 2852 *Ξ
781 2807 837 2858 Tm
848 2807 899 2857 2nd
910 2822 974 2872 pers.
988 2807 1017 2858 oi
1030 2807 1072 2882 the
1084 2805 1200 2869 conjunc·

166 2871 218 2922 tive
228 2871 250 2921 is
261 2872 321 2922 used
333 2871 362 2921 oi
369 2887 386 2921 a
395 2887 486 2936 person
496 2869 581 2922 whose
589 2871 713 2922 existence
724 2871 813 2937 iso'uly
823 2874 945 2933 assumed,
960 2879 986 2922 to
994 2887 1094 2936 express
1101 2871 1136 2934 by
1146 2871 1201 2920 that

165 2952 252 2986 means
273 2937 289 2985 a'
310 2936 390 3001 single
410 2936 544 2986 uudefiued
566 2935 688 3006 subject.”
722 2938 834 3003 Madvig,
858 2939 889 2988 L.
915 2939 943 2988 G.
966 2939 986 2998 §-
1009 2947 1065 3001 370.
1101 2935 1200 2984 Vahlen

165 3009 255 3067 quotes
266 3001 295 3050 de
307 3001 354 3066 Off.
369 3013 399 3052 11.
413 3002 446 3053 xi.
462 3014 500 3064 39.
515 3019 523 3063 ;
540 3012 570 3051 11.
585 3002 633 3052 xiv.
650 3012 688 3066 50.
1020 3023 1021 3026 ¹

230 3068 251 3127 9.
272 3066 315 3116 4⁷.
350 3066 381 3116 ln
399 3079 454 3115 una
472 3079 527 3127 oog.
567 3066 630 3116 “aa
649 3069 677 3116 in
693 3068 771 3117 unius
780 3068 903 3132 princepis*
908 3066 1030 3134 generales
1039 3062 1198 3128 cognitone?

165 3131 243 3183 Bake.
280 3143 337 3183 uss.
352 3131 788 3186 haveatsetlamaudldindnita
824 3133 904 3183 Halm
915 3131 979 3196 conj.
993 3129 1135 3181 munium.
1155 3145 1195 3195 cp.

163 3198 194 3248 de
206 3199 274 3248 Orat.
289 3208 320 3247 11.
334 3196 418 3247 xxxiii.
435 3209 488 3259 142.

230 3262 261 3311 in
270 3262 321 3311 hoo
331 3261 397 3323 ipso.
435 3263 491 3312 “sc.
504 3262 534 3311 de
541 3262 618 3312 samir
625 3260 770 3326 perpetuis?
793 3261 888 3314 Feldh..

230 3326 379 3378 Scaevolae.
415 3326 455 3377 Oi·
461 3326 510 3376 this
520 3326 606 3392 family
616 3327 646 3378 oi
651 3328 741 3393 Jurists
751 3329 802 3378 and
813 3326 953 3388 Pontifices,
967 3325 1010 3386 tbe
1020 3331 1086 3376 most
1102 3325 1198 3376 famous

163 3407 246 3443 mue:
272 3393 304 3456 Q.
326 3392 425 3443 Mucius
443 3392 571 3452 Scaevola,
588 3393 671 3442 “'l'ho
688 3391 806 3455 Μαι-β’
823 3394 879 3455 (son
896 3392 923 3441 in
939 3388 988 3442 la'w
1005 3391 1035 3441 oi
1043 3392 1071 3444 C.
1087 3391 1197 3453 Laelius)

163 3457 222 3508 Cos.
242 3457 320 3521 6323
340 3457 381 3508 bis
397 3473 443 3508 sou
460 3458 492 3521 Q.
512 3459 550 3508 M.
565 3458 606 3508 Sc.
626 3457 690 3519 (also
706 3459 794 3522 Augur
811 3459 868 3522 705)
878 3475 887 3518 ;
903 3458 932 3508 Ρ.
946 3457 983 3507 M.
998 3457 1054 3517 Sa,
1066 3457 1123 3508 eos
1138 3457 1194 3507 621.

164 3520 276 3584 (brother
286 3523 315 3572 oi
323 3522 351 3573 P.
366 3523 396 3573 L.
412 3525 515 3576 Crassus
526 3523 658 3573 Mucianus
668 3523 718 3572 and
735 3523 829 3573 Cousin
840 3523 869 3574 oi
876 3522 919 3572 the
930 3523 1044 3587 Augur);
1054 3521 1094 3574 his
1104 3538 1151 3574 sou
1162 3522 1193 3585 Q.

164 3588 203 3638 M.
218 3588 339 3640 Scaevola
350 3589 423 3638 Publi
435 3589 521 3649 Filius,
539 3589 557 3614 “
564 3588 621 3638 uus
631 3587 758 3637 Pontifex
768 3586 923 3638 Maximua”
937 3588 994 3639 eos.
1008 3587 1065 3651 659.

230 3653 284 3704 nisi
302 3667 341 3714 eo,
363 3653 440 3715 qaod
462 3665 520 3705 uss.
543 3655 567 3702 at
583 3665 639 3716 ego.
670 3653 763 3704 Davies
782 3652 1005 3704 omninosimilll
1028 3653 1099 3715 lugo
1117 3651 1194 3714 quod.

162 3718 220 3770 The
231 3719 389 3769 emendation
400 3719 575 3769 m'sieoisdue
585 3726 612 3768 to
623 3718 735 3782 Madvig.
920 3727 922 3734 ’
1284 3756 1285 3761 ,

229 3783 296 3833 baso
312 3783 349 3834 eit
366 3797 428 3834 aaa.
465 3783 535 3834 Bake
557 3783 643 3834 makes
666 3783 715 3834 this
736 3785 819 3834 clause
842 3785 893 3845 (De
916 3784 994 3834 sam‘s
1011 3783 1065 3844 cet.)
1085 3782 1159 3846 begin
1180 3796 1196 3830 a

163 3864 221 3898 new
243 3856 377 3910 sentence3
400 3849 490 3902 Feldh.
510 3848 595 3898 thinks
617 3849 671 3899 that
693 3849 712 3899 it
734 3849 756 3899 is
777 3849 932 3901 coordinate
950 3847 1012 3900 with
1029 3861 1090 3898 oum
1108 3849 1198 3896 seura

164 3913 367 3976 perparvaeiut.
1145 3989 1166 4024 Μ
