2754 4322
500 293 571 359 oa
607 295 833 380 isarnus
1104 297 1145 376 63

111 450 202 530 dum,
225 473 292 517 non
314 461 447 537 gratum
470 475 542 520 esse
563 466 696 540 cogunt,
723 456 812 523 hune
826 456 996 522 hominem
1011 456 1148 522 omnino

111 556 276 620 numerari
300 558 357 639 qui
381 557 503 622 decet?
530 558 709 642 Quomque
731 562 851 638 omnia,
874 581 961 643 quae
984 560 1146 625 rationem

95 656 241 736 habent,
265 669 436 743 praestent
458 661 508 740 iis,
523 682 609 744 quae
628 663 695 727 sint
711 664 846 728 rationis
861 663 1021 747 expertia,
1038 662 1097 728 nef
1132 699 1147 711 ·

111 781 177 844 que
191 763 235 828 sit
250 763 359 828 dicere
375 764 477 829 ullam
492 786 561 829 rem
577 776 744 849 praestare
767 775 904 831 naturae
926 767 1075 831 omnium
1098 785 1147 830 re·

110 885 193 942 rum,
209 867 371 931 rationem
388 869 494 934 inesse
510 869 543 932 in
559 890 598 934 ea
613 868 839 934 confitendum
856 877 915 935 est.
962 868 1063 934 Utilis
1075 889 1147 933 esse
1192 881 1212 954 5,

110 977 225 1033 autem
248 968 309 1034 has
331 971 503 1054 opiniones
525 973 598 1054 quis
622 981 729 1056 neget,
752 993 828 1037 cum
851 972 1024 1056 intellegat
1045 992 1147 1054 quam

112 1071 218 1136 multa
233 1072 405 1137 firmentur
426 1075 496 1139 iure
517 1075 665 1152 iurando,
681 1084 826 1158 quantae
841 1074 939 1138 saluti
955 1076 1021 1139 sint
1036 1074 1148 1139 foede-

111 1195 185 1238 rum
215 1175 398 1260 religiones,
421 1198 522 1260 quam
553 1178 676 1243 multos
698 1178 800 1244 divini
825 1177 965 1261 supplici
989 1187 1097 1242 metus
1127 1197 1149 1241 a

110 1277 235 1342 scelere
261 1281 420 1346 revocarit
444 1301 612 1364 quamque
640 1289 757 1358 sancta
785 1281 829 1345 sit
856 1281 997 1345 societas
1026 1281 1146 1345 civium

110 1380 198 1445 inter
218 1381 316 1465 ipsos,
339 1382 391 1448 dis
414 1384 643 1449 inmortalibus
666 1384 867 1468 interpositis
886 1391 958 1448 tum
974 1381 1145 1460 iudicibus,
1173 1399 1214 1449 10

111 1493 185 1549 tum
200 1486 364 1550 testibus?
389 1486 505 1552 Habes
523 1487 605 1572 legis
628 1489 856 1571 prooemium;
878 1487 925 1551 sic
951 1487 1039 1550 enim
1065 1485 1148 1550 haec

108 1587 257 1671 appellat
280 1588 383 1654 Plato.
429 1598 477 1669 17.
517 1589 555 1670 Q.
595 1591 716 1656 Habeo
731 1611 818 1667 vero,
841 1590 949 1667 frater,
973 1598 1008 1655 et
1029 1589 1063 1653 in
1080 1588 1145 1654 hoc

111 1690 295 1756 admodum
318 1692 472 1770 delector,
496 1693 585 1776 quod
609 1693 642 1757 in
663 1692 735 1758 aliis
750 1692 848 1758 rebus
863 1692 1001 1776 aliisque
1015 1699 1148 1777 senten·

113 1794 168 1859 tiis
183 1796 321 1862 versaris
344 1805 445 1879 atque
460 1796 525 1861 ille.
570 1796 663 1861 Nihil
676 1797 764 1862 enim
785 1805 855 1862 tam
872 1796 1031 1862 dissimile
1045 1817 1147 1880 quam

112 1898 165 1963 vel
181 1919 229 1973 ea,
245 1919 331 1982 quae
353 1910 432 1964 ante
456 1900 581 1978 dixisti,
605 1900 659 1965 vel
682 1899 746 1965 hoc
772 1900 881 1984 ipsum
904 1900 947 1964 de
964 1900 1035 1965 deis
1051 1920 1149 1965 exor·
1174 1912 1210 1980 ις

113 2001 228 2067 dium:
251 2023 354 2066 unum
378 2003 458 2067 illud
481 2004 562 2067 mihi
580 2003 701 2068 videris
716 2004 845 2081 imitari,
862 2005 1019 2068 orationis
1034 2024 1147 2086 genus.

112 2104 163 2170 M.
201 2105 298 2171 Velle
324 2107 464 2172 fortasse
476 2127 484 2186 ;
506 2107 580 2190 quis
603 2107 691 2172 enim
714 2107 748 2171 id
771 2114 883 2190 potest
906 2116 964 2171 aut
988 2127 1147 2190 umquam

113 2209 236 2292 poterit
266 2210 412 2275 imitari?
445 2211 535 2274 Nam
560 2211 742 2274 sententias
764 2211 970 2294 interpretari
993 2209 1148 2292 perfacile

111 2320 183 2376 est:
215 2313 305 2396 quod
331 2313 466 2396 quidem
489 2334 552 2396 ego
575 2312 726 2390 facerem,
750 2314 812 2377 nisi
827 2312 927 2398 plane
942 2333 1014 2377 esse
1028 2311 1148 2376 vellem

112 2435 215 2480 meus.
250 2415 341 2499 Quid
357 2418 444 2481 enim
462 2417 585 2501 negotii
600 2425 652 2481 est
667 2416 784 2480 eadem
801 2437 904 2500 prope
918 2414 1026 2481 verbis
1042 2415 1146 2479 isdem
1171 2432 1214 2481 20

111 2539 270 2584 conversa
285 2519 417 2584 dicere?
441 2519 481 2600 Q.
505 2521 624 2585 Prosus
642 2519 832 2598 adsentior:
853 2540 977 2596 verum,
994 2529 1031 2583 ut
1047 2519 1148 2584 modo

111 2631 185 2688 tute
207 2622 332 2702 dixisti,
353 2632 388 2688 te
410 2644 482 2688 esse
506 2621 594 2687 malo
617 2633 721 2687 tuum.
767 2622 835 2689 Sed
851 2623 917 2686 iam
934 2643 1104 2706 exprome,
1120 2624 1148 2687 si

74 2720 77 2728 ’
111 2725 232 2812 placet,
254 2727 334 2794 istas
360 2727 450 2810 leges
476 2726 519 2790 de
545 2726 710 2810 religione.
757 2729 805 2796 18.
850 2726 901 2790 M.
936 2721 1146 2810 Expromam

111 3022 161 3071 any
172 2941 369 3071 sgeocffiupgsoffl.
400 2941 505 3002 cogant.
540 2940 597 2990 Τὴε
611 2939 768 3004 subjunctive
783 2940 868 2990 would
878 2939 969 3004 signify
983 2897 1030 2988 “il
1036 2938 1105 2988 there
1116 2939 1155 3000 be¹

114 3137 134 3163 “
141 3085 246 3186 ratiiiiiil
257 3073 345 3202 filiis
356 3067 1147 3204 {ifraelrseuppffio{punxi}§tirtehoctiptfpeerasenoc}‚13sms¹ltrg=ht4&aY

111 3201 345 3252 soeveriswithout
357 3199 471 3251 reason.'’
687 3213 691 3220 ⁴
1154 3221 1155 3226 ¹

177 3269 198 3326 §-
234 3267 273 3316 1⁷.
309 3265 416 3316 (ledele
441 3266 496 3316 v.l.
526 3264 602 3328 legis.
630 3265 700 3315 Bake
712 3266 806 3327 (whose
817 3264 964 3329 conjecture,
978 3260 1148 3314 dodeisfrom

114 3342 174 3380 uss,
194 3331 277 3393 deuia,
295 3331 341 3381 has
358 3332 423 3382 been
442 3332 552 3396 adopted
617 3331 696 3380 Halm
712 3331 762 3380 and
773 3329 882 3390 Vahlen)
900 3328 985 3378 thinks
996 3327 1049 3377 that
1061 3327 1150 3380 Cicero

113 3411 198 3446 means
209 3396 263 3447 that
275 3397 347 3446 Plato
357 3397 484 3447 discussed
493 3396 535 3446 the
546 3412 579 3461 go
597 3412 609 3446 s
620 3395 767 3446 themselves
778 3413 786 3456 ;
802 3395 911 3444 whereas
922 3393 954 3442 he
964 3393 1067 3442 himself
1074 3401 1149 3446 treats

112 3460 142 3511 of
150 3460 192 3511 the
203 3462 274 3512 effect
285 3462 367 3512 which
377 3479 393 3511 a
403 3462 482 3512 belief
489 3462 516 3510 in
526 3461 595 3511 them
606 3461 651 3510 has
663 3476 731 3524 upon
747 3459 848 3526 society.
884 3459 933 3508 But
944 3457 987 3508 the
999 3459 1086 3509 Latius
1097 3460 1148 3510 had

114 3525 180 3577 their
190 3542 246 3576 own
257 3527 314 3577 idea
324 3529 354 3577 of
361 3527 509 3593 originality,
520 3542 559 3592 ep.
575 3525 710 3585 Lucretius,
719 3527 822 3590 passim.

179 3591 256 3643 velle.
293 3593 309 3644 i.
323 3609 342 3644 e.
359 3594 445 3643 “velle
461 3593 570 3657 sortasse
589 3591 672 3640 videor
692 3591 753 3641 tibi:
776 3606 836 3639 nam
858 3605 908 3639 non
927 3587 1051 3654 possum’'
1070 3590 1145 3641 Bake.

115 3655 209 3706 Davies
228 3665 315 3734 quotes
331 3658 406 3708 Brut.
429 3669 510 3707 xxxl.
548 3657 637 3718 “Quis
662 3657 727 3704 enim
752 3656 848 3704 uberior
862 3655 890 3704 in
905 3655 1004 3704 dicendo
1024 3655 1149 3706 Platone?

113 3722 200 3787 Jovem
211 3730 285 3771 amnt
289 3723 433 3788 philosophi,
447 3724 470 3772 si
482 3723 570 3772 Graece
578 3722 700 3785 loquatur,
714 3722 748 3770 sic
757 3718 849 3786 loqui.'’

178 3787 212 3847 ἐς.
235 3785 347 3850 18.-69
383 3787 439 3838 The
450 3787 545 3838 several
556 3786 650 3836 clauses
661 3786 690 3835 of
697 3785 740 3836 the
750 3786 799 3836 law
809 3801 851 3837 are
867 3783 920 3836 first
930 3785 1039 3846 recited;
1056 3784 1146 3846 which,

113 3869 151 3904 we
171 3866 213 3903 are
230 3851 292 3915 told,
314 3853 366 3902 will
385 3865 430 3904 not
448 3853 481 3903 be
497 3851 575 3903 found
586 3859 613 3903 to
623 3851 695 3902 differ
711 3851 785 3904 milch
796 3851 860 3906 from
871 3851 913 3902 the
924 3851 1023 3903 ancient
1034 3850 1151 3914 religious
