<?xml version="1.0" encoding="UTF-8"?>
<!DOCTYPE html PUBLIC "-//W3C//DTD XHTML 1.0 Transitional//EN"
    "http://www.w3.org/TR/xhtml1/DTD/xhtml1-transitional.dtd">
<html xmlns="http://www.w3.org/1999/xhtml" xml:lang="en" lang="en">
 <head>
  <title>
</title>
<meta http-equiv="Content-Type" content="text/html;charset=utf-8" />
  <meta name='ocr-system' content='tesseract 3.04.00' />
  <meta name='ocr-capabilities' content='ocr_page ocr_carea ocr_par ocr_line ocrx_word'/>
</head>
<body>
  <div class='ocr_page' id='page_1' title='image "./delegibuslibrit00peargoog_0157.png"; bbox 0 0 2818 4320; ppageno 0'>
   <div class='ocr_carea' id='block_1_1' title="bbox 154 277 766 370">
    <p class='ocr_par' dir='ltr' id='par_1_1' title="bbox 154 277 766 370">
     <span class='ocr_line' id='line_1_1' title="bbox 154 277 766 370; baseline 0 -16"><span class='ocrx_word' id='word_1_1' title='bbox 154 277 162 294; x_wconf 72' lang='lat'><strong><em>⁹</em></strong></span> <span class='ocrx_word' id='word_1_2' title='bbox 205 304 265 370; x_wconf 76' lang='lat'>140</span> <span class='ocrx_word' id='word_1_3' title='bbox 517 343 519 350; x_wconf 74' lang='grc'>,</span> <span class='ocrx_word' id='word_1_4' title='bbox 590 283 766 355; x_wconf 83' lang='lat' dir='ltr'><em>CICERO</em></span> 
     </span>
    </p>
   </div>
   <div class='ocr_carea' id='block_1_2' title="bbox 143 445 1244 2594">
    <p class='ocr_par' dir='ltr' id='par_1_2' title="bbox 163 445 1239 945">
     <span class='ocr_line' id='line_1_2' title="bbox 200 445 1235 533; baseline -0.003 -19"><span class='ocrx_word' id='word_1_5' title='bbox 200 445 428 532; x_wconf 81' lang='lat' dir='ltr'>reprehendo:</span> <span class='ocrx_word' id='word_1_6' title='bbox 450 448 502 513; x_wconf 88' lang='lat' dir='ltr'>sin</span> <span class='ocrx_word' id='word_1_7' title='bbox 516 445 679 515; x_wconf 87' lang='lat' dir='ltr'>valuerint</span> <span class='ocrx_word' id='word_1_8' title='bbox 693 459 807 515; x_wconf 86' lang='lat' dir='ltr'>tamen</span> <span class='ocrx_word' id='word_1_9' title='bbox 825 447 924 533; x_wconf 88' lang='lat' dir='ltr'>leges,</span> <span class='ocrx_word' id='word_1_10' title='bbox 940 455 979 513; x_wconf 93' lang='lat' dir='ltr'>ut</span> <span class='ocrx_word' id='word_1_11' title='bbox 1000 468 1043 512; x_wconf 91' lang='lat' dir='ltr'>ne</span> <span class='ocrx_word' id='word_1_12' title='bbox 1064 448 1108 513; x_wconf 90' lang='lat' dir='ltr'>sit</span> <span class='ocrx_word' id='word_1_13' title='bbox 1129 445 1235 511; x_wconf 93' lang='lat' dir='ltr'>ambi-</span> 
     </span>
     <span class='ocr_line' id='line_1_3' title="bbox 201 549 1235 636; baseline -0.003 -20"><span class='ocrx_word' id='word_1_14' title='bbox 201 561 266 628; x_wconf 86' lang='lat' dir='ltr'>tus,</span> <span class='ocrx_word' id='word_1_15' title='bbox 294 550 418 616; x_wconf 89' lang='lat' dir='ltr'>habeat</span> <span class='ocrx_word' id='word_1_16' title='bbox 446 570 527 616; x_wconf 90' lang='lat' dir='ltr'>sane</span> <span class='ocrx_word' id='word_1_17' title='bbox 561 552 703 636; x_wconf 90' lang='lat' dir='ltr'>populus</span> <span class='ocrx_word' id='word_1_18' title='bbox 741 552 899 618; x_wconf 87' lang='lat' dir='ltr'>tabellam</span> <span class='ocrx_word' id='word_1_19' title='bbox 938 552 1033 636; x_wconf 87' lang='lat' dir='ltr'>quasi</span> <span class='ocrx_word' id='word_1_20' title='bbox 1068 549 1235 632; x_wconf 89' lang='lat' dir='ltr'>vindicem</span> 
     </span>
     <span class='ocr_line' id='line_1_4' title="bbox 202 653 1236 739; baseline 0 -22"><span class='ocrx_word' id='word_1_21' title='bbox 202 653 372 730; x_wconf 85' lang='lat' dir='ltr'>libertatis,</span> <span class='ocrx_word' id='word_1_22' title='bbox 388 653 470 718; x_wconf 90' lang='lat' dir='ltr'>dum</span> <span class='ocrx_word' id='word_1_23' title='bbox 486 656 588 719; x_wconf 94' lang='lat' dir='ltr'>modo</span> <span class='ocrx_word' id='word_1_24' title='bbox 602 654 685 720; x_wconf 89' lang='lat' dir='ltr'>haec</span> <span class='ocrx_word' id='word_1_25' title='bbox 699 657 829 739; x_wconf 90' lang='lat' dir='ltr'>optimo</span> <span class='ocrx_word' id='word_1_26' title='bbox 850 655 970 738; x_wconf 89' lang='lat' dir='ltr'>cuique</span> <span class='ocrx_word' id='word_1_27' title='bbox 985 662 1019 718; x_wconf 92' lang='lat' dir='ltr'>et</span> <span class='ocrx_word' id='word_1_28' title='bbox 1041 654 1236 738; x_wconf 89' lang='lat' dir='ltr'>gravissimo</span> 
     </span>
     <span class='ocr_line' id='line_1_5' title="bbox 203 756 1237 842; baseline 0 -22"><span class='ocrx_word' id='word_1_29' title='bbox 203 757 266 821; x_wconf 91' lang='lat' dir='ltr'>civi</span> <span class='ocrx_word' id='word_1_30' title='bbox 292 756 487 822; x_wconf 85' lang='lat' dir='ltr'>ostendatur</span> <span class='ocrx_word' id='word_1_31' title='bbox 514 757 668 842; x_wconf 88' lang='lat' dir='ltr'>ultroque</span> <span class='ocrx_word' id='word_1_32' title='bbox 696 759 861 837; x_wconf 86' lang='lat' dir='ltr'>offeratur,</span> <span class='ocrx_word' id='word_1_33' title='bbox 891 767 929 822; x_wconf 88' lang='lat' dir='ltr'>ut</span> <span class='ocrx_word' id='word_1_34' title='bbox 958 758 992 822; x_wconf 92' lang='lat' dir='ltr'>in</span> <span class='ocrx_word' id='word_1_35' title='bbox 1022 778 1062 821; x_wconf 89' lang='lat' dir='ltr'>eo</span> <span class='ocrx_word' id='word_1_36' title='bbox 1091 757 1135 822; x_wconf 92' lang='lat' dir='ltr'>sit</span> <span class='ocrx_word' id='word_1_37' title='bbox 1165 758 1237 840; x_wconf 92' lang='lat' dir='ltr'>ipso</span> 
     </span>
     <span class='ocr_line' id='line_1_6' title="bbox 163 858 1239 945; baseline 0.001 -23"><span class='ocrx_word' id='word_1_38' title='bbox 163 872 179 942; x_wconf 82' lang='lat'>5</span> <span class='ocrx_word' id='word_1_39' title='bbox 204 858 348 934; x_wconf 89' lang='lat' dir='ltr'>libertas,</span> <span class='ocrx_word' id='word_1_40' title='bbox 364 859 398 924; x_wconf 91' lang='lat' dir='ltr'>in</span> <span class='ocrx_word' id='word_1_41' title='bbox 424 881 491 943; x_wconf 91' lang='lat' dir='ltr'>quo</span> <span class='ocrx_word' id='word_1_42' title='bbox 517 861 642 944; x_wconf 90' lang='lat' dir='ltr'>populo</span> <span class='ocrx_word' id='word_1_43' title='bbox 661 869 813 945; x_wconf 87' lang='lat' dir='ltr'>potestas</span> <span class='ocrx_word' id='word_1_44' title='bbox 833 861 974 927; x_wconf 88' lang='lat' dir='ltr'>honeste</span> <span class='ocrx_word' id='word_1_45' title='bbox 996 860 1092 925; x_wconf 91' lang='lat' dir='ltr'>bonis</span> <span class='ocrx_word' id='word_1_46' title='bbox 1113 859 1239 943; x_wconf 86' lang='lat' dir='ltr'>gratifi-</span> 
     </span>
    </p>

    <p class='ocr_par' dir='ltr' id='par_1_3' title="bbox 204 963 1240 1358">
     <span class='ocr_line' id='line_1_7' title="bbox 204 963 1238 1049; baseline -0.001 -21"><span class='ocrx_word' id='word_1_47' title='bbox 204 963 430 1042; x_wconf 82' lang='lat' dir='ltr'>candidatur.</span> <span class='ocrx_word' id='word_1_48' title='bbox 475 964 595 1048; x_wconf 88' lang='lat' dir='ltr'>quue</span> <span class='ocrx_word' id='word_1_49' title='bbox 617 985 705 1029; x_wconf 88' lang='lat' dir='ltr'>nunc</span> <span class='ocrx_word' id='word_1_50' title='bbox 725 965 764 1030; x_wconf 90' lang='lat' dir='ltr'>fit</span> <span class='ocrx_word' id='word_1_51' title='bbox 786 965 877 1042; x_wconf 90' lang='lat' dir='ltr'>illud,</span> <span class='ocrx_word' id='word_1_52' title='bbox 904 963 994 1049; x_wconf 92' lang='lat' dir='ltr'>quod</span> <span class='ocrx_word' id='word_1_53' title='bbox 1020 985 1041 1028; x_wconf 88' lang='lat' dir='ltr'>a</span> <span class='ocrx_word' id='word_1_54' title='bbox 1066 972 1101 1029; x_wconf 91' lang='lat' dir='ltr'>te</span> <span class='ocrx_word' id='word_1_55' title='bbox 1126 963 1238 1040; x_wconf 92' lang='lat' dir='ltr'>modo,</span> 
     </span>
     <span class='ocr_line' id='line_1_8' title="bbox 204 1065 1238 1148; baseline 0 -18"><span class='ocrx_word' id='word_1_56' title='bbox 204 1065 338 1148; x_wconf 87' lang='lat' dir='ltr'>Quinte,</span> <span class='ocrx_word' id='word_1_57' title='bbox 354 1067 480 1132; x_wconf 89' lang='lat' dir='ltr'>dictum</span> <span class='ocrx_word' id='word_1_58' title='bbox 496 1076 556 1145; x_wconf 88' lang='lat' dir='ltr'>est,</span> <span class='ocrx_word' id='word_1_59' title='bbox 572 1074 612 1132; x_wconf 89' lang='lat' dir='ltr'>ut</span> <span class='ocrx_word' id='word_1_60' title='bbox 626 1068 735 1132; x_wconf 91' lang='lat' dir='ltr'>minus</span> <span class='ocrx_word' id='word_1_61' title='bbox 751 1068 874 1132; x_wconf 90' lang='lat' dir='ltr'>multos</span> <span class='ocrx_word' id='word_1_62' title='bbox 889 1067 1013 1132; x_wconf 90' lang='lat' dir='ltr'>tabella</span> <span class='ocrx_word' id='word_1_63' title='bbox 1028 1067 1238 1144; x_wconf 89' lang='lat' dir='ltr'>condemnet,</span> 
     </span>
     <span class='ocr_line' id='line_1_9' title="bbox 204 1169 1240 1254; baseline 0.001 -21"><span class='ocrx_word' id='word_1_64' title='bbox 204 1190 306 1252; x_wconf 83' lang='lat' dir='ltr'>quam</span> <span class='ocrx_word' id='word_1_65' title='bbox 331 1169 462 1235; x_wconf 90' lang='lat' dir='ltr'>solebat</span> <span class='ocrx_word' id='word_1_66' title='bbox 483 1191 561 1248; x_wconf 89' lang='lat' dir='ltr'>vox,</span> <span class='ocrx_word' id='word_1_67' title='bbox 577 1171 657 1254; x_wconf 91' lang='lat' dir='ltr'>quia</span> <span class='ocrx_word' id='word_1_68' title='bbox 683 1169 808 1254; x_wconf 91' lang='lat' dir='ltr'>populo</span> <span class='ocrx_word' id='word_1_69' title='bbox 834 1170 932 1234; x_wconf 86' lang='lat' dir='ltr'>licere</span> <span class='ocrx_word' id='word_1_70' title='bbox 953 1171 1034 1234; x_wconf 89' lang='lat' dir='ltr'>satis</span> <span class='ocrx_word' id='word_1_71' title='bbox 1056 1178 1115 1234; x_wconf 84' lang='lat' dir='ltr'>est</span> <span class='ocrx_word' id='word_1_72' title='bbox 1163 1171 1240 1234; x_wconf 89' lang='lat' dir='ltr'>Hoc</span> 
     </span>
     <span class='ocr_line' id='line_1_10' title="bbox 206 1273 1239 1358; baseline 0.001 -21"><span class='ocrx_word' id='word_1_73' title='bbox 206 1281 335 1338; x_wconf 90' lang='lat' dir='ltr'>retento</span> <span class='ocrx_word' id='word_1_74' title='bbox 350 1273 475 1357; x_wconf 90' lang='lat' dir='ltr'>reliqua</span> <span class='ocrx_word' id='word_1_75' title='bbox 488 1273 642 1338; x_wconf 88' lang='lat' dir='ltr'>voluntas</span> <span class='ocrx_word' id='word_1_76' title='bbox 656 1274 846 1338; x_wconf 88' lang='lat' dir='ltr'>auctoritati</span> <span class='ocrx_word' id='word_1_77' title='bbox 868 1282 927 1338; x_wconf 89' lang='lat' dir='ltr'>aut</span> <span class='ocrx_word' id='word_1_78' title='bbox 941 1275 1068 1358; x_wconf 87' lang='lat' dir='ltr'>gratiae</span> <span class='ocrx_word' id='word_1_79' title='bbox 1089 1273 1239 1338; x_wconf 81' lang='lat' dir='ltr'>traditur.</span> 
     </span>
    </p>

    <p class='ocr_par' dir='ltr' id='par_1_4' title="bbox 143 1375 1243 1856">
     <span class='ocr_line' id='line_1_11' title="bbox 143 1375 1241 1460; baseline -0.002 -18"><span class='ocrx_word' id='word_1_80' title='bbox 143 1377 335 1460; x_wconf 88' lang='lat' dir='ltr'>101taque,</span> <span class='ocrx_word' id='word_1_81' title='bbox 362 1384 401 1442; x_wconf 91' lang='lat' dir='ltr'>ut</span> <span class='ocrx_word' id='word_1_82' title='bbox 425 1377 580 1440; x_wconf 87' lang='lat' dir='ltr'>omittam</span> <span class='ocrx_word' id='word_1_83' title='bbox 606 1375 780 1458; x_wconf 86' lang='lat' dir='ltr'>largitione</span> <span class='ocrx_word' id='word_1_84' title='bbox 801 1386 956 1460; x_wconf 88' lang='lat' dir='ltr'>corrupta</span> <span class='ocrx_word' id='word_1_85' title='bbox 984 1377 1149 1460; x_wconf 85' lang='lat' dir='ltr'>suffragia,</span> <span class='ocrx_word' id='word_1_86' title='bbox 1172 1397 1241 1441; x_wconf 91' lang='lat' dir='ltr'>non</span> 
     </span>
     <span class='ocr_line' id='line_1_12' title="bbox 205 1478 1240 1564; baseline -0.003 -19"><span class='ocrx_word' id='word_1_87' title='bbox 205 1480 307 1557; x_wconf 90' lang='lat' dir='ltr'>vides,</span> <span class='ocrx_word' id='word_1_88' title='bbox 320 1481 351 1544; x_wconf 92' lang='lat' dir='ltr'>si</span> <span class='ocrx_word' id='word_1_89' title='bbox 366 1479 501 1564; x_wconf 90' lang='lat' dir='ltr'>quando</span> <span class='ocrx_word' id='word_1_90' title='bbox 516 1479 661 1544; x_wconf 88' lang='lat' dir='ltr'>ambitus</span> <span class='ocrx_word' id='word_1_91' title='bbox 675 1478 780 1556; x_wconf 85' lang='lat' dir='ltr'>sileat,</span> <span class='ocrx_word' id='word_1_92' title='bbox 796 1480 909 1562; x_wconf 89' lang='lat' dir='ltr'>quaeri</span> <span class='ocrx_word' id='word_1_93' title='bbox 924 1480 957 1544; x_wconf 89' lang='lat' dir='ltr'>in</span> <span class='ocrx_word' id='word_1_94' title='bbox 980 1479 1143 1563; x_wconf 85' lang='lat' dir='ltr'>suffragiis</span> <span class='ocrx_word' id='word_1_95' title='bbox 1159 1479 1240 1562; x_wconf 90' lang='lat' dir='ltr'>quid</span> 
     </span>
     <span class='ocr_line' id='line_1_13' title="bbox 204 1581 1241 1666; baseline 0 -19"><span class='ocrx_word' id='word_1_96' title='bbox 204 1582 323 1666; x_wconf 92' lang='lat' dir='ltr'>optimi</span> <span class='ocrx_word' id='word_1_97' title='bbox 346 1583 406 1647; x_wconf 92' lang='lat' dir='ltr'>viri</span> <span class='ocrx_word' id='word_1_98' title='bbox 429 1581 601 1647; x_wconf 85' lang='lat' dir='ltr'>sentiant?</span> <span class='ocrx_word' id='word_1_99' title='bbox 634 1581 747 1664; x_wconf 86' lang='lat' dir='ltr'>Quam</span> <span class='ocrx_word' id='word_1_100' title='bbox 762 1581 807 1646; x_wconf 94' lang='lat' dir='ltr'>ob</span> <span class='ocrx_word' id='word_1_101' title='bbox 832 1603 901 1647; x_wconf 86' lang='lat' dir='ltr'>rem</span> <span class='ocrx_word' id='word_1_102' title='bbox 917 1581 992 1666; x_wconf 86' lang='lat' dir='ltr'>lege</span> <span class='ocrx_word' id='word_1_103' title='bbox 1016 1592 1128 1647; x_wconf 89' lang='lat' dir='ltr'>nostra</span> <span class='ocrx_word' id='word_1_104' title='bbox 1143 1581 1241 1647; x_wconf 91' lang='lat' dir='ltr'>liber-</span> 
     </span>
     <span class='ocr_line' id='line_1_14' title="bbox 205 1685 1243 1768; baseline 0.001 -18"><span class='ocrx_word' id='word_1_105' title='bbox 205 1687 289 1750; x_wconf 86' lang='lat' dir='ltr'>tatis·</span> <span class='ocrx_word' id='word_1_106' title='bbox 308 1686 434 1768; x_wconf 90' lang='lat' dir='ltr'>species</span> <span class='ocrx_word' id='word_1_107' title='bbox 457 1685 564 1762; x_wconf 88' lang='lat' dir='ltr'>datur,</span> <span class='ocrx_word' id='word_1_108' title='bbox 586 1686 764 1751; x_wconf 89' lang='lat' dir='ltr'>auctoritas</span> <span class='ocrx_word' id='word_1_109' title='bbox 786 1685 950 1751; x_wconf 83' lang='lat' dir='ltr'>bonomm</span> <span class='ocrx_word' id='word_1_110' title='bbox 972 1686 1138 1764; x_wconf 89' lang='lat' dir='ltr'>retinetur,</span> <span class='ocrx_word' id='word_1_111' title='bbox 1162 1707 1243 1751; x_wconf 88' lang='lat' dir='ltr'>con·</span> 
     </span>
     <span class='ocr_line' id='line_1_15' title="bbox 206 1787 636 1856; baseline -0.007 0"><span class='ocrx_word' id='word_1_112' title='bbox 206 1789 364 1856; x_wconf 89' lang='lat' dir='ltr'>tentionis</span> <span class='ocrx_word' id='word_1_113' title='bbox 379 1808 480 1853; x_wconf 90' lang='lat' dir='ltr'>causa</span> <span class='ocrx_word' id='word_1_114' title='bbox 502 1787 636 1853; x_wconf 90' lang='lat' dir='ltr'>tollitur.</span> 
     </span>
    </p>

    <p class='ocr_par' dir='ltr' id='par_1_5' title="bbox 147 1890 1243 2389">
     <span class='ocr_line' id='line_1_16' title="bbox 147 1890 1241 1976; baseline 0.003 -21"><span class='ocrx_word' id='word_1_115' title='bbox 147 1904 183 1974; x_wconf 82' lang='lat'>15</span> <span class='ocrx_word' id='word_1_116' title='bbox 273 1890 407 1956; x_wconf 92' lang='lat' dir='ltr'>XVIII.</span> <span class='ocrx_word' id='word_1_117' title='bbox 451 1905 502 1972; x_wconf 87' lang='grc' dir='ltr'>4ο.</span> <span class='ocrx_word' id='word_1_118' title='bbox 544 1890 677 1955; x_wconf 90' lang='lat' dir='ltr'>Deinde</span> <span class='ocrx_word' id='word_1_119' title='bbox 702 1891 858 1975; x_wconf 90' lang='lat' dir='ltr'>sequitur,</span> <span class='ocrx_word' id='word_1_120' title='bbox 879 1890 999 1976; x_wconf 91' lang='lat' dir='ltr'>quibus</span> <span class='ocrx_word' id='word_1_121' title='bbox 1026 1893 1076 1957; x_wconf 90' lang='lat' dir='ltr'>ius</span> <span class='ocrx_word' id='word_1_122' title='bbox 1098 1893 1142 1958; x_wconf 92' lang='lat' dir='ltr'>sit</span> <span class='ocrx_word' id='word_1_123' title='bbox 1164 1913 1241 1958; x_wconf 92' lang='lat' dir='ltr'>cum</span> 
     </span>
     <span class='ocr_line' id='line_1_17' title="bbox 208 1993 1242 2080; baseline 0.003 -21"><span class='ocrx_word' id='word_1_124' title='bbox 208 1995 333 2078; x_wconf 93' lang='lat' dir='ltr'>populo</span> <span class='ocrx_word' id='word_1_125' title='bbox 356 1993 478 2078; x_wconf 86' lang='lat' dir='ltr'>agendi</span> <span class='ocrx_word' id='word_1_126' title='bbox 503 2000 563 2058; x_wconf 92' lang='lat' dir='ltr'>aut</span> <span class='ocrx_word' id='word_1_127' title='bbox 586 2015 663 2060; x_wconf 91' lang='lat' dir='ltr'>cum</span> <span class='ocrx_word' id='word_1_128' title='bbox 692 2003 818 2059; x_wconf 90' lang='lat' dir='ltr'>senatu.</span> <span class='ocrx_word' id='word_1_129' title='bbox 877 1995 967 2060; x_wconf 90' lang='lat' dir='ltr'>Tum</span> <span class='ocrx_word' id='word_1_130' title='bbox 993 1998 1101 2080; x_wconf 75' lang='lat' dir='ltr'>grauis</span> <span class='ocrx_word' id='word_1_131' title='bbox 1128 2005 1170 2074; x_wconf 90' lang='lat' dir='ltr'>et,</span> <span class='ocrx_word' id='word_1_132' title='bbox 1202 2005 1242 2062; x_wconf 91' lang='lat' dir='ltr'>ut</span> 
     </span>
     <span class='ocr_line' id='line_1_18' title="bbox 206 2095 1241 2181; baseline 0.004 -20"><span class='ocrx_word' id='word_1_133' title='bbox 206 2098 354 2176; x_wconf 88' lang='lat' dir='ltr'>arbitror,</span> <span class='ocrx_word' id='word_1_134' title='bbox 370 2096 538 2181; x_wconf 86' lang='lat' dir='ltr'>praeclara</span> <span class='ocrx_word' id='word_1_135' title='bbox 552 2096 629 2162; x_wconf 88' lang='lat' dir='ltr'>lex:</span> <span class='ocrx_word' id='word_1_136' title='bbox 652 2095 755 2179; x_wconf 87' lang='lat' dir='ltr'>Quae</span> <span class='ocrx_word' id='word_1_137' title='bbox 768 2115 852 2162; x_wconf 88' lang='lat' dir='ltr'>cum</span> <span class='ocrx_word' id='word_1_138' title='bbox 866 2097 996 2179; x_wconf 91' lang='lat' dir='ltr'>populo</span> <span class='ocrx_word' id='word_1_139' title='bbox 1017 2115 1182 2180; x_wconf 86' lang='lat' dir='ltr'>quaeque</span> <span class='ocrx_word' id='word_1_140' title='bbox 1203 2099 1241 2165; x_wconf 90' lang='lat' dir='ltr'>in</span> 
     </span>
     <span class='ocr_line' id='line_1_19' title="bbox 212 2199 1243 2287; baseline 0.002 -21"><span class='ocrx_word' id='word_1_141' title='bbox 212 2199 375 2280; x_wconf 81' lang='lat' dir='ltr'>patribus</span> <span class='ocrx_word' id='word_1_142' title='bbox 388 2204 553 2280; x_wconf 75' lang='lat' dir='ltr'>agentur,</span> <span class='ocrx_word' id='word_1_143' title='bbox 569 2199 709 2266; x_wconf 84' lang='lat' dir='ltr'>modica</span> <span class='ocrx_word' id='word_1_144' title='bbox 722 2205 842 2282; x_wconf 84' lang='lat' dir='ltr'>sunto,</span> <span class='ocrx_word' id='word_1_145' title='bbox 858 2203 892 2266; x_wconf 92' lang='lat' dir='ltr'>id</span> <span class='ocrx_word' id='word_1_146' title='bbox 908 2212 958 2268; x_wconf 89' lang='lat' dir='ltr'>est</span> <span class='ocrx_word' id='word_1_147' title='bbox 973 2204 1126 2268; x_wconf 86' lang='lat' dir='ltr'>modesta</span> <span class='ocrx_word' id='word_1_148' title='bbox 1140 2213 1243 2287; x_wconf 85' lang='lat' dir='ltr'>atque</span> 
     </span>
     <span class='ocr_line' id='line_1_20' title="bbox 210 2303 1243 2389; baseline 0 -19"><span class='ocrx_word' id='word_1_149' title='bbox 210 2305 348 2384; x_wconf 88' lang='lat' dir='ltr'>sedata;</span> <span class='ocrx_word' id='word_1_150' title='bbox 369 2313 463 2370; x_wconf 89' lang='lat' dir='ltr'>actor</span> <span class='ocrx_word' id='word_1_151' title='bbox 477 2305 565 2368; x_wconf 90' lang='lat' dir='ltr'>enim</span> <span class='ocrx_word' id='word_1_152' title='bbox 582 2303 772 2369; x_wconf 88' lang='lat' dir='ltr'>moderatur</span> <span class='ocrx_word' id='word_1_153' title='bbox 787 2313 821 2388; x_wconf 80' lang='lat' dir='ltr'>et</span> <span class='ocrx_word' id='word_1_154' title='bbox 841 2305 937 2389; x_wconf 86' lang='lat' dir='ltr'>fingit</span> <span class='ocrx_word' id='word_1_155' title='bbox 951 2326 1017 2370; x_wconf 93' lang='lat' dir='ltr'>non</span> <span class='ocrx_word' id='word_1_156' title='bbox 1034 2307 1134 2372; x_wconf 93' lang='lat' dir='ltr'>modo</span> <span class='ocrx_word' id='word_1_157' title='bbox 1151 2327 1243 2371; x_wconf 91' lang='lat' dir='ltr'>men-</span> 
     </span>
    </p>

    <p class='ocr_par' dir='ltr' id='par_1_6' title="bbox 145 2406 1244 2594">
     <span class='ocr_line' id='line_1_21' title="bbox 145 2406 1241 2494; baseline 0.004 -24"><span class='ocrx_word' id='word_1_158' title='bbox 145 2423 188 2472; x_wconf 92' lang='lat'>20</span> <span class='ocrx_word' id='word_1_159' title='bbox 208 2416 278 2472; x_wconf 86' lang='lat' dir='ltr'>tem</span> <span class='ocrx_word' id='word_1_160' title='bbox 301 2428 340 2471; x_wconf 90' lang='lat' dir='ltr'>ac</span> <span class='ocrx_word' id='word_1_161' title='bbox 361 2406 558 2484; x_wconf 90' lang='lat' dir='ltr'>voluntates,</span> <span class='ocrx_word' id='word_1_162' title='bbox 574 2406 633 2470; x_wconf 89' lang='lat' dir='ltr'>sed</span> <span class='ocrx_word' id='word_1_163' title='bbox 656 2427 762 2490; x_wconf 90' lang='lat' dir='ltr'>paene</span> <span class='ocrx_word' id='word_1_164' title='bbox 783 2407 893 2472; x_wconf 88' lang='lat' dir='ltr'>vultus</span> <span class='ocrx_word' id='word_1_165' title='bbox 909 2429 1032 2486; x_wconf 89' lang='lat' dir='ltr'>eorum,</span> <span class='ocrx_word' id='word_1_166' title='bbox 1048 2410 1138 2493; x_wconf 90' lang='lat' dir='ltr'>apud</span> <span class='ocrx_word' id='word_1_167' title='bbox 1156 2431 1241 2494; x_wconf 92' lang='lat' dir='ltr'>quos</span> 
     </span>
     <span class='ocr_line' id='line_1_22' title="bbox 211 2495 1244 2594; baseline 0.003 -20"><span class='ocrx_word' id='word_1_168' title='bbox 211 2510 289 2594; x_wconf 87' lang='lat' dir='ltr'>agit</span> <span class='ocrx_word' id='word_1_169' title='bbox 349 2508 450 2592; x_wconf 85' lang='lat' dir='ltr'>Quod</span> <span class='ocrx_word' id='word_1_170' title='bbox 488 2517 540 2574; x_wconf 90' lang='lat' dir='ltr'>est</span> <span class='ocrx_word' id='word_1_171' title='bbox 568 2509 602 2573; x_wconf 89' lang='lat' dir='ltr'>in</span> <span class='ocrx_word' id='word_1_172' title='bbox 630 2517 749 2574; x_wconf 89' lang='lat' dir='ltr'>senatu</span> <span class='ocrx_word' id='word_1_173' title='bbox 779 2495 855 2574; x_wconf 60' lang='lat' dir='ltr'>non&#39;</span> <span class='ocrx_word' id='word_1_174' title='bbox 874 2510 1029 2591; x_wconf 80' lang='lat' dir='ltr'>difficile3</span> <span class='ocrx_word' id='word_1_175' title='bbox 1066 2521 1118 2577; x_wconf 88' lang='lat' dir='ltr'>est</span> <span class='ocrx_word' id='word_1_176' title='bbox 1153 2513 1244 2577; x_wconf 88' lang='lat' dir='ltr'>enim</span> 
     </span>
    </p>
   </div>
   <div class='ocr_carea' id='block_1_3' title="bbox 163 2721 1244 2853">
    <p class='ocr_par' dir='ltr' id='par_1_7' title="bbox 163 2721 1244 2853">
     <span class='ocr_line' id='line_1_23' title="bbox 163 2721 1244 2853; baseline 0.002 -63"><span class='ocrx_word' id='word_1_177' title='bbox 163 2721 167 2732; x_wconf 33' lang='lat'><strong><em>¹</em></strong></span> <span class='ocrx_word' id='word_1_178' title='bbox 211 2739 358 2853; x_wconf 52' lang='lat' dir='ltr'>preventinp</span> <span class='ocrx_word' id='word_1_179' title='bbox 376 2739 489 2798; x_wconf 57' lang='lat' dir='ltr'>annuos,</span> <span class='ocrx_word' id='word_1_180' title='bbox 512 2739 612 2788; x_wconf 83' lang='lat' dir='ltr'>Marcus</span> <span class='ocrx_word' id='word_1_181' title='bbox 623 2739 707 2789; x_wconf 80' lang='lat' dir='ltr'>would</span> <span class='ocrx_word' id='word_1_182' title='bbox 726 2747 771 2790; x_wconf 88' lang='lat' dir='ltr'>not</span> <span class='ocrx_word' id='word_1_183' title='bbox 781 2739 880 2790; x_wconf 85' lang='lat' dir='ltr'>abolish</span> <span class='ocrx_word' id='word_1_184' title='bbox 897 2740 940 2791; x_wconf 89' lang='lat' dir='ltr'>the</span> <span class='ocrx_word' id='word_1_185' title='bbox 950 2741 1038 2804; x_wconf 86' lang='lat' dir='ltr'>ballot,</span> <span class='ocrx_word' id='word_1_186' title='bbox 1050 2742 1096 2794; x_wconf 86' lang='lat' dir='ltr'>but</span> <span class='ocrx_word' id='word_1_187' title='bbox 1107 2751 1201 2794; x_wconf 85' lang='lat' dir='ltr'>restore</span> <span class='ocrx_word' id='word_1_188' title='bbox 1216 2750 1244 2793; x_wconf 91' lang='lat' dir='ltr'>to</span> 
     </span>
    </p>
   </div>
   <div class='ocr_carea' id='block_1_4' title="bbox 205 2803 1249 3916">
    <p class='ocr_par' dir='ltr' id='par_1_8' title="bbox 211 2803 1244 2874">
     <span class='ocr_line' id='line_1_24' title="bbox 211 2803 1244 2874; baseline 0.003 -19"><span class='ocrx_word' id='word_1_189' title='bbox 211 2805 255 2856; x_wconf 87' lang='lat' dir='ltr'>the</span> <span class='ocrx_word' id='word_1_190' title='bbox 276 2820 367 2869; x_wconf 88' lang='lat' dir='ltr'>peope</span> <span class='ocrx_word' id='word_1_191' title='bbox 388 2803 431 2854; x_wconf 86' lang='lat' dir='ltr'>the</span> <span class='ocrx_word' id='word_1_192' title='bbox 452 2803 542 2867; x_wconf 86' lang='lat' dir='ltr'>liberty</span> <span class='ocrx_word' id='word_1_193' title='bbox 556 2803 593 2862; x_wconf 78' lang='lat' dir='ltr'>,oi</span> <span class='ocrx_word' id='word_1_194' title='bbox 610 2803 724 2870; x_wconf 84' lang='lat' dir='ltr'>showing</span> <span class='ocrx_word' id='word_1_195' title='bbox 745 2805 765 2855; x_wconf 87' lang='lat' dir='ltr'>it</span> <span class='ocrx_word' id='word_1_196' title='bbox 786 2812 813 2855; x_wconf 94' lang='lat' dir='ltr'>to</span> <span class='ocrx_word' id='word_1_197' title='bbox 835 2806 918 2856; x_wconf 86' lang='lat' dir='ltr'>whom</span> <span class='ocrx_word' id='word_1_198' title='bbox 940 2807 999 2872; x_wconf 85' lang='lat' dir='ltr'>they</span> <span class='ocrx_word' id='word_1_199' title='bbox 1020 2808 1132 2874; x_wconf 67' lang='lat' dir='ltr'>plesse).</span> <span class='ocrx_word' id='word_1_200' title='bbox 1174 2809 1244 2858; x_wconf 84' lang='lat' dir='ltr'>Bake</span> 
     </span>
    </p>

    <p class='ocr_par' dir='ltr' id='par_1_9' title="bbox 211 2867 1240 2936">
     <span class='ocr_line' id='line_1_25' title="bbox 211 2867 1240 2936; baseline 0.002 -15"><span class='ocrx_word' id='word_1_201' title='bbox 211 2869 325 2936; x_wconf 85' lang='lat' dir='ltr'>explains</span> <span class='ocrx_word' id='word_1_202' title='bbox 345 2867 449 2930; x_wconf 78' lang='lat' dir='ltr'>relique</span> <span class='ocrx_word' id='word_1_203' title='bbox 470 2867 600 2918; x_wconf 68' lang='lat' dir='ltr'>voluntat.</span> <span class='ocrx_word' id='word_1_204' title='bbox 650 2871 726 2920; x_wconf 73' lang='lat' dir='ltr'>“ie.</span> <span class='ocrx_word' id='word_1_205' title='bbox 748 2871 815 2935; x_wconf 69' lang='lat' dir='ltr'>quood</span> <span class='ocrx_word' id='word_1_206' title='bbox 833 2871 955 2936; x_wconf 82' lang='lat' dir='ltr'>reliquum</span> <span class='ocrx_word' id='word_1_207' title='bbox 975 2879 1015 2934; x_wconf 85' lang='lat' dir='ltr'>est,</span> <span class='ocrx_word' id='word_1_208' title='bbox 1039 2875 1155 2923; x_wconf 85' lang='lat' dir='ltr'>voluntas</span> <span class='ocrx_word' id='word_1_209' title='bbox 1182 2875 1209 2934; x_wconf 88' lang='lat' dir='ltr'>(i.</span> <span class='ocrx_word' id='word_1_210' title='bbox 1221 2890 1240 2923; x_wconf 84' lang='lat' dir='ltr'>e.</span> 
     </span>
    </p>

    <p class='ocr_par' dir='ltr' id='par_1_10' title="bbox 205 2933 1244 3052">
     <span class='ocr_line' id='line_1_26' title="bbox 205 2933 1244 3052; baseline 0.004 -67"><span class='ocrx_word' id='word_1_211' title='bbox 205 2936 342 3052; x_wconf 37' lang='lat' dir='ltr'>{opacum</span> <span class='ocrx_word' id='word_1_212' title='bbox 371 2934 529 2984; x_wconf 55' lang='lat' dir='ltr'>temulento</span> <span class='ocrx_word' id='word_1_213' title='bbox 555 2933 647 2984; x_wconf 84' lang='lat' dir='ltr'>“their</span> <span class='ocrx_word' id='word_1_214' title='bbox 668 2935 736 3000; x_wconf 82' lang='lat' dir='ltr'>good</span> <span class='ocrx_word' id='word_1_215' title='bbox 758 2933 859 2998; x_wconf 84' lang='lat' dir='ltr'>will”)&#39;’</span> <span class='ocrx_word' id='word_1_216' title='bbox 886 2953 927 3002; x_wconf 87' lang='lat' dir='ltr'>cp.</span> <span class='ocrx_word' id='word_1_217' title='bbox 951 2937 993 2988; x_wconf 89' lang='lat' dir='ltr'>the</span> <span class='ocrx_word' id='word_1_218' title='bbox 1015 2954 1059 2990; x_wconf 90' lang='lat' dir='ltr'>use</span> <span class='ocrx_word' id='word_1_219' title='bbox 1080 2939 1110 2989; x_wconf 87' lang='lat' dir='ltr'>oi</span> <span class='ocrx_word' id='word_1_220' title='bbox 1128 2937 1203 2989; x_wconf 69' lang='lat' dir='ltr'>ulos</span> <span class='ocrx_word' id='word_1_221' title='bbox 1218 2940 1244 2989; x_wconf 89' lang='lat' dir='ltr'>in</span> 
     </span>
     <span class='ocr_line' id='line_1_27' title="bbox 238 3017 305 3051; baseline -0.015 0"><span class='ocrx_word' id='word_1_222' title='bbox 238 3017 305 3051; x_wconf 90' lang='lat' dir='ltr'>ree.</span> 
     </span>
    </p>

    <p class='ocr_par' dir='ltr' id='par_1_11' title="bbox 208 3063 1248 3325">
     <span class='ocr_line' id='line_1_28' title="bbox 278 3063 1244 3130; baseline 0.004 -16"><span class='ocrx_word' id='word_1_223' title='bbox 278 3065 337 3115; x_wconf 84' lang='lat' dir='ltr'>Hoo</span> <span class='ocrx_word' id='word_1_224' title='bbox 356 3064 467 3114; x_wconf 70' lang='lat' dir='ltr'>retento</span> <span class='ocrx_word' id='word_1_225' title='bbox 508 3063 681 3115; x_wconf 67' lang='grc' dir='ltr'>λοι---ΙίιενιΙ</span> <span class='ocrx_word' id='word_1_226' title='bbox 702 3080 742 3130; x_wconf 86' lang='lat' dir='ltr'>op.</span> <span class='ocrx_word' id='word_1_227' title='bbox 767 3064 839 3130; x_wconf 83' lang='lat' dir='ltr'>Livy,</span> <span class='ocrx_word' id='word_1_228' title='bbox 865 3075 902 3118; x_wconf 81' lang='lat' dir='ltr'>lv.</span> <span class='ocrx_word' id='word_1_229' title='bbox 927 3067 950 3117; x_wconf 91' lang='lat'>6.</span> <span class='ocrx_word' id='word_1_230' title='bbox 1000 3069 1141 3118; x_wconf 84' lang='lat' dir='ltr'>“Eventus</span> <span class='ocrx_word' id='word_1_231' title='bbox 1161 3085 1244 3118; x_wconf 83' lang='lat' dir='ltr'>eorum</span> 
     </span>
     <span class='ocr_line' id='line_1_29' title="bbox 213 3129 1242 3199; baseline 0.003 -19"><span class='ocrx_word' id='word_1_232' title='bbox 213 3132 366 3180; x_wconf 69' lang='lat' dir='ltr'>comitiorum</span> <span class='ocrx_word' id='word_1_233' title='bbox 388 3130 475 3190; x_wconf 60' lang='lat' dir='ltr'>murt,</span> <span class='ocrx_word' id='word_1_234' title='bbox 498 3129 560 3178; x_wconf 85' lang='lat' dir='ltr'>alios</span> <span class='ocrx_word' id='word_1_235' title='bbox 584 3131 681 3179; x_wconf 81' lang='lat' dir='ltr'>anintos</span> <span class='ocrx_word' id='word_1_236' title='bbox 701 3131 729 3180; x_wconf 88' lang='lat' dir='ltr'>in</span> <span class='ocrx_word' id='word_1_237' title='bbox 750 3132 898 3180; x_wconf 80' lang='lat' dir='ltr'>contentione</span> <span class='ocrx_word' id='word_1_238' title='bbox 922 3133 1038 3182; x_wconf 75' lang='lat' dir='ltr'>Iomanis</span> <span class='ocrx_word' id='word_1_239' title='bbox 1064 3134 1242 3199; x_wconf 61' lang='lat' dir='ltr'>dignitatisque,</span> 
     </span>
     <span class='ocr_line' id='line_1_30' title="bbox 213 3195 1248 3263; baseline 0.003 -18"><span class='ocrx_word' id='word_1_240' title='bbox 213 3197 274 3245; x_wconf 77' lang='lat' dir='ltr'>aleos</span> <span class='ocrx_word' id='word_1_241' title='bbox 292 3195 423 3245; x_wconf 80' lang='lat' dir='ltr'>secundum</span> <span class='ocrx_word' id='word_1_242' title='bbox 442 3195 545 3259; x_wconf 73' lang='lat' dir='ltr'>deposita</span> <span class='ocrx_word' id='word_1_243' title='bbox 562 3196 838 3244; x_wconf 70' lang='lat' dir='ltr'>certamina-tribunos</span> <span class='ocrx_word' id='word_1_244' title='bbox 855 3198 1012 3248; x_wconf 83' lang='lat' dir='ltr'>enimomnes</span> <span class='ocrx_word' id='word_1_245' title='bbox 1023 3200 1142 3263; x_wconf 65' lang='lat' dir='ltr'>pontus</span> <span class='ocrx_word' id='word_1_246' title='bbox 1156 3201 1248 3250; x_wconf 82' lang='lat' dir='ltr'>creavt&#39;t</span> 
     </span>
     <span class='ocr_line' id='line_1_31' title="bbox 208 3261 987 3325; baseline 0.005 -17"><span class='ocrx_word' id='word_1_247' title='bbox 208 3261 325 3325; x_wconf 75' lang='lat' dir='ltr'>populus,</span> <span class='ocrx_word' id='word_1_248' title='bbox 338 3266 461 3309; x_wconf 72' lang='lat' dir='ltr'>contentens</span> <span class='ocrx_word' id='word_1_249' title='bbox 470 3276 502 3320; x_wconf 90' lang='lat' dir='ltr'>eo,</span> <span class='ocrx_word' id='word_1_250' title='bbox 515 3262 582 3324; x_wconf 79' lang='lat' dir='ltr'>qnod</span> <span class='ocrx_word' id='word_1_251' title='bbox 589 3262 653 3310; x_wconf 84' lang='lat' dir='ltr'>ratio</span> <span class='ocrx_word' id='word_1_252' title='bbox 662 3261 745 3310; x_wconf 74' lang='lat' dir='ltr'>habita</span> <span class='ocrx_word' id='word_1_253' title='bbox 750 3261 896 3324; x_wconf 76' lang='lat' dir='ltr'>plebeiorum</span> <span class='ocrx_word' id='word_1_254' title='bbox 906 3261 987 3313; x_wconf 48' lang='grc' dir='ltr'>(καθ’</span> 
     </span>
    </p>

    <p class='ocr_par' dir='ltr' id='par_1_12' title="bbox 214 3325 1245 3457">
     <span class='ocr_line' id='line_1_32' title="bbox 277 3325 1245 3392; baseline 0.005 -18"><span class='ocrx_word' id='word_1_255' title='bbox 277 3328 297 3386; x_wconf 69' lang='lat'>5.</span> <span class='ocrx_word' id='word_1_256' title='bbox 312 3325 354 3375; x_wconf 83' lang='lat'>40.</span> <span class='ocrx_word' id='word_1_257' title='bbox 382 3325 557 3386; x_wconf 63' lang='lat' dir='ltr'>rumpam.</span> <span class='ocrx_word' id='word_1_258' title='bbox 582 3325 681 3375; x_wconf 87' lang='lat' dir='ltr'>Vahlen</span> <span class='ocrx_word' id='word_1_259' title='bbox 692 3326 802 3391; x_wconf 89' lang='lat' dir='ltr'>supplies</span> <span class='ocrx_word' id='word_1_260' title='bbox 813 3332 875 3387; x_wconf 85' lang='lat' dir='ltr'>tum,</span> <span class='ocrx_word' id='word_1_261' title='bbox 890 3343 929 3392; x_wconf 88' lang='lat' dir='ltr'>cp.</span> <span class='ocrx_word' id='word_1_262' title='bbox 942 3330 963 3388; x_wconf 65' lang='grc' dir='ltr'>ς.</span> <span class='ocrx_word' id='word_1_263' title='bbox 978 3343 1017 3390; x_wconf 78' lang='grc'>44.</span> <span class='ocrx_word' id='word_1_264' title='bbox 1038 3340 1095 3379; x_wconf 78' lang='lat' dir='ltr'>MSS.</span> <span class='ocrx_word' id='word_1_265' title='bbox 1116 3328 1179 3379; x_wconf 86' lang='lat' dir='ltr'>omit</span> <span class='ocrx_word' id='word_1_266' title='bbox 1190 3329 1245 3379; x_wconf 81' lang='lat' dir='ltr'>elso</span> 
     </span>
     <span class='ocr_line' id='line_1_33' title="bbox 214 3389 1195 3457; baseline 0.005 -18"><span class='ocrx_word' id='word_1_267' title='bbox 214 3402 282 3452; x_wconf 74' lang='lat' dir='ltr'>quoe</span> <span class='ocrx_word' id='word_1_268' title='bbox 296 3403 356 3440; x_wconf 87' lang='lat' dir='ltr'>oum</span> <span class='ocrx_word' id='word_1_269' title='bbox 365 3389 472 3451; x_wconf 82' lang='lat' dir='ltr'>populo,</span> <span class='ocrx_word' id='word_1_270' title='bbox 483 3390 595 3456; x_wconf 87' lang='lat' dir='ltr'>supplied</span> <span class='ocrx_word' id='word_1_271' title='bbox 607 3391 671 3440; x_wconf 82' lang='lat' dir='ltr'>from</span> <span class='ocrx_word' id='word_1_272' title='bbox 682 3393 702 3451; x_wconf 83' lang='lat'>§.</span> <span class='ocrx_word' id='word_1_273' title='bbox 720 3403 756 3440; x_wconf 72' lang='grc' dir='ltr'>ια</span> <span class='ocrx_word' id='word_1_274' title='bbox 793 3389 872 3441; x_wconf 87' lang='lat' dir='ltr'>Halm</span> <span class='ocrx_word' id='word_1_275' title='bbox 883 3393 954 3442; x_wconf 84' lang='lat' dir='ltr'>reads</span> <span class='ocrx_word' id='word_1_276' title='bbox 962 3395 1090 3457; x_wconf 76' lang='lat' dir='ltr'>praeclaro</span> <span class='ocrx_word' id='word_1_277' title='bbox 1100 3401 1135 3444; x_wconf 86' lang='lat' dir='ltr'>est</span> <span class='ocrx_word' id='word_1_278' title='bbox 1149 3395 1195 3444; x_wconf 74' lang='lat' dir='ltr'>len.</span> 
     </span>
    </p>

    <p class='ocr_par' dir='ltr' id='par_1_13' title="bbox 214 3453 1249 3916">
     <span class='ocr_line' id='line_1_34' title="bbox 279 3453 1246 3524; baseline 0.005 -20"><span class='ocrx_word' id='word_1_279' title='bbox 279 3455 355 3512; x_wconf 77' lang='lat' dir='ltr'>Quod</span> <span class='ocrx_word' id='word_1_280' title='bbox 371 3457 413 3504; x_wconf 77' lang='lat' dir='ltr'>eet</span> <span class='ocrx_word' id='word_1_281' title='bbox 427 3453 458 3504; x_wconf 80' lang='lat' dir='ltr'>in</span> <span class='ocrx_word' id='word_1_282' title='bbox 476 3457 576 3506; x_wconf 70' lang='lat' dir='ltr'>renato</span> <span class='ocrx_word' id='word_1_283' title='bbox 614 3456 701 3505; x_wconf 87' lang='lat' dir='ltr'>Halm.</span> <span class='ocrx_word' id='word_1_284' title='bbox 725 3455 795 3517; x_wconf 80' lang='lat' dir='ltr'>quod</span> <span class='ocrx_word' id='word_1_285' title='bbox 806 3476 834 3497; x_wconf 95' lang='lat'>=</span> <span class='ocrx_word' id='word_1_286' title='bbox 851 3459 969 3507; x_wconf 81' lang='lat' dir='ltr'>‘modesta</span> <span class='ocrx_word' id='word_1_287' title='bbox 988 3467 1061 3524; x_wconf 82' lang='lat' dir='ltr'>atque</span> <span class='ocrx_word' id='word_1_288' title='bbox 1079 3461 1161 3510; x_wconf 82' lang='lat' dir='ltr'>sedata</span> <span class='ocrx_word' id='word_1_289' title='bbox 1183 3457 1246 3510; x_wconf 63' lang='lat' dir='ltr'>erse)</span> 
     </span>
     <span class='ocr_line' id='line_1_35' title="bbox 216 3518 1249 3585; baseline 0.006 -17"><span class='ocrx_word' id='word_1_290' title='bbox 216 3531 274 3569; x_wconf 82' lang='lat' dir='ltr'>uss.</span> <span class='ocrx_word' id='word_1_291' title='bbox 297 3520 360 3569; x_wconf 78' lang='lat' dir='ltr'>hove</span> <span class='ocrx_word' id='word_1_292' title='bbox 378 3519 448 3581; x_wconf 83' lang='lat' dir='ltr'>qood</span> <span class='ocrx_word' id='word_1_293' title='bbox 463 3518 528 3570; x_wconf 78' lang='lat' dir='ltr'>siin</span> <span class='ocrx_word' id='word_1_294' title='bbox 544 3523 646 3570; x_wconf 76' lang='lat' dir='ltr'>senatu</span> <span class='ocrx_word' id='word_1_295' title='bbox 682 3520 770 3571; x_wconf 89' lang='lat' dir='ltr'>Feldh.</span> <span class='ocrx_word' id='word_1_296' title='bbox 789 3522 859 3584; x_wconf 86' lang='lat' dir='ltr'>quod</span> <span class='ocrx_word' id='word_1_297' title='bbox 879 3522 933 3572; x_wconf 81' lang='lat' dir='ltr'>niu</span> <span class='ocrx_word' id='word_1_298' title='bbox 950 3523 981 3572; x_wconf 89' lang='lat' dir='ltr'>in</span> <span class='ocrx_word' id='word_1_299' title='bbox 998 3536 1019 3575; x_wconf 84' lang='lat' dir='ltr'>e.</span> <span class='ocrx_word' id='word_1_300' title='bbox 1046 3525 1072 3585; x_wconf 82' lang='lat' dir='ltr'>(i.</span> <span class='ocrx_word' id='word_1_301' title='bbox 1084 3541 1101 3574; x_wconf 89' lang='lat' dir='ltr'>e.</span> <span class='ocrx_word' id='word_1_302' title='bbox 1124 3525 1249 3574; x_wconf 64' lang='lat' dir='ltr'>modnari</span> 
     </span>
     <span class='ocr_line' id='line_1_36' title="bbox 214 3584 1246 3655; baseline 0.004 -20"><span class='ocrx_word' id='word_1_303' title='bbox 214 3586 277 3646; x_wconf 77' lang='lat' dir='ltr'>cet).</span> <span class='ocrx_word' id='word_1_304' title='bbox 313 3584 411 3634; x_wconf 88' lang='lat' dir='ltr'>Vahlen</span> <span class='ocrx_word' id='word_1_305' title='bbox 432 3601 458 3634; x_wconf 94' lang='lat' dir='ltr'>su</span> <span class='ocrx_word' id='word_1_306' title='bbox 478 3600 551 3650; x_wconf 88' lang='lat' dir='ltr'>poses</span> <span class='ocrx_word' id='word_1_307' title='bbox 568 3603 584 3636; x_wconf 79' lang='lat' dir='ltr'>a</span> <span class='ocrx_word' id='word_1_308' title='bbox 602 3602 662 3655; x_wconf 81' lang='lat' dir='ltr'>gap:</span> <span class='ocrx_word' id='word_1_309' title='bbox 680 3602 698 3636; x_wconf 86' lang='lat' dir='ltr'>e.</span> <span class='ocrx_word' id='word_1_310' title='bbox 705 3603 732 3651; x_wconf 83' lang='lat' dir='ltr'>g.</span> <span class='ocrx_word' id='word_1_311' title='bbox 751 3587 821 3648; x_wconf 85' lang='lat' dir='ltr'>quod</span> <span class='ocrx_word' id='word_1_312' title='bbox 837 3586 902 3638; x_wconf 80' lang='lat' dir='ltr'>uin</span> <span class='ocrx_word' id='word_1_313' title='bbox 913 3588 1015 3653; x_wconf 77' lang='lat' dir='ltr'>[populo</span> <span class='ocrx_word' id='word_1_314' title='bbox 1025 3590 1136 3638; x_wconf 85' lang='lat' dir='ltr'>arduum</span> <span class='ocrx_word' id='word_1_315' title='bbox 1147 3597 1187 3650; x_wconf 86' lang='lat' dir='ltr'>est,</span> <span class='ocrx_word' id='word_1_316' title='bbox 1207 3588 1246 3650; x_wconf 88' lang='lat' dir='ltr'>in]</span> 
     </span>
     <span class='ocr_line' id='line_1_37' title="bbox 214 3649 1246 3718; baseline 0.006 -20"><span class='ocrx_word' id='word_1_317' title='bbox 214 3649 440 3698; x_wconf 77' lang='lat' dir='ltr'>senetunondiffi</span> <span class='ocrx_word' id='word_1_318' title='bbox 477 3663 498 3699; x_wconf 91' lang='lat' dir='ltr'>e.</span> <span class='ocrx_word' id='word_1_319' title='bbox 534 3650 672 3700; x_wconf 72' lang='lat' dir='ltr'>uersum.</span> <span class='ocrx_word' id='word_1_320' title='bbox 687 3667 726 3716; x_wconf 89' lang='lat' dir='ltr'>cp.</span> <span class='ocrx_word' id='word_1_321' title='bbox 740 3653 770 3701; x_wconf 86' lang='lat' dir='ltr'>de</span> <span class='ocrx_word' id='word_1_322' title='bbox 786 3655 854 3704; x_wconf 83' lang='lat' dir='ltr'>Orat.</span> <span class='ocrx_word' id='word_1_323' title='bbox 870 3665 901 3702; x_wconf 88' lang='lat'>11.</span> <span class='ocrx_word' id='word_1_324' title='bbox 914 3653 997 3704; x_wconf 84' lang='lat' dir='ltr'>lxxxii.</span> <span class='ocrx_word' id='word_1_325' title='bbox 1013 3667 1068 3718; x_wconf 56' lang='lat'>33&amp;</span> <span class='ocrx_word' id='word_1_326' title='bbox 1107 3655 1246 3704; x_wconf 79' lang='lat' dir='ltr'>“Haecin</span> 
     </span>
     <span class='ocr_line' id='line_1_38' title="bbox 214 3715 1249 3785; baseline 0.004 -20"><span class='ocrx_word' id='word_1_327' title='bbox 214 3715 308 3766; x_wconf 76' lang='lat' dir='ltr'>Senatu</span> <span class='ocrx_word' id='word_1_328' title='bbox 320 3715 414 3764; x_wconf 86' lang='lat' dir='ltr'>minore</span> <span class='ocrx_word' id='word_1_329' title='bbox 422 3721 544 3778; x_wconf 82' lang='lat' dir='ltr'>apparatu</span> <span class='ocrx_word' id='word_1_330' title='bbox 554 3717 647 3780; x_wconf 85' lang='lat' dir='ltr'>agenda</span> <span class='ocrx_word' id='word_1_331' title='bbox 658 3724 735 3777; x_wconf 84' lang='lat' dir='ltr'>runt,·</span> <span class='ocrx_word' id='word_1_332' title='bbox 750 3720 845 3782; x_wconf 82' lang='lat' dir='ltr'>sapiens</span> <span class='ocrx_word' id='word_1_333' title='bbox 855 3720 919 3768; x_wconf 76' lang='lat' dir='ltr'>onim</span> <span class='ocrx_word' id='word_1_334' title='bbox 927 3726 961 3768; x_wconf 86' lang='lat' dir='ltr'>est</span> <span class='ocrx_word' id='word_1_335' title='bbox 969 3721 1105 3780; x_wconf 79' lang='lat' dir='ltr'>consiliunt,</span> <span class='ocrx_word' id='word_1_336' title='bbox 1117 3721 1249 3785; x_wconf 78' lang='lat' dir='ltr'>multisque</span> 
     </span>
     <span class='ocr_line' id='line_1_39' title="bbox 214 3778 1244 3849; baseline 0.005 -19"><span class='ocrx_word' id='word_1_337' title='bbox 214 3781 272 3830; x_wconf 84' lang='lat' dir='ltr'>aliis</span> <span class='ocrx_word' id='word_1_338' title='bbox 281 3778 376 3828; x_wconf 84' lang='lat' dir='ltr'>dicendi</span> <span class='ocrx_word' id='word_1_339' title='bbox 385 3780 557 3844; x_wconf 79' lang='lat' dir='ltr'>relinquendus</span> <span class='ocrx_word' id='word_1_340' title='bbox 567 3783 650 3842; x_wconf 55' lang='lat' dir='ltr'>locoru</span> <span class='ocrx_word' id='word_1_341' title='bbox 666 3783 769 3832; x_wconf 79' lang='lat' dir='ltr'>votando</span> <span class='ocrx_word' id='word_1_342' title='bbox 776 3785 848 3834; x_wconf 82' lang='lat' dir='ltr'>etiam</span> <span class='ocrx_word' id='word_1_343' title='bbox 859 3785 952 3849; x_wconf 85' lang='lat' dir='ltr'>ingenii</span> <span class='ocrx_word' id='word_1_344' title='bbox 961 3787 1125 3834; x_wconf 80' lang='lat' dir='ltr'>ostentationis</span> <span class='ocrx_word' id='word_1_345' title='bbox 1134 3786 1244 3849; x_wconf 62' lang='lat' dir='ltr'>mipene.</span> 
     </span>
     <span class='ocr_line' id='line_1_40' title="bbox 217 3845 1203 3916; baseline 0.005 -21"><span class='ocrx_word' id='word_1_346' title='bbox 217 3845 304 3896; x_wconf 78' lang='lat' dir='ltr'>Contio</span> <span class='ocrx_word' id='word_1_347' title='bbox 313 3845 378 3909; x_wconf 82' lang='lat' dir='ltr'>capit</span> <span class='ocrx_word' id='word_1_348' title='bbox 387 3860 481 3895; x_wconf 84' lang='lat' dir='ltr'>omnem</span> <span class='ocrx_word' id='word_1_349' title='bbox 491 3846 543 3895; x_wconf 81' lang='lat' dir='ltr'>vim</span> <span class='ocrx_word' id='word_1_350' title='bbox 553 3847 671 3897; x_wconf 81' lang='lat' dir='ltr'>orationis</span> <span class='ocrx_word' id='word_1_351' title='bbox 680 3853 702 3898; x_wconf 85' lang='lat' dir='ltr'>et</span> <span class='ocrx_word' id='word_1_352' title='bbox 707 3849 854 3912; x_wconf 66' lang='lat' dir='ltr'>graonam</span> <span class='ocrx_word' id='word_1_353' title='bbox 865 3851 1051 3916; x_wconf 82' lang='lat' dir='ltr'>vorr&#39;etatemque</span> <span class='ocrx_word' id='word_1_354' title='bbox 1058 3848 1203 3902; x_wconf 49' lang='lat' dir='ltr'>denotetur?</span> 
     </span>
    </p>
   </div>
   <div class='ocr_carea' id='block_1_5' title="bbox 0 0 1428 4320">
    <p class='ocr_par' dir='ltr' id='par_1_14' title="bbox 0 0 1428 4320">
     <span class='ocr_line' id='line_1_41' title="bbox 0 0 1428 4320; baseline 0 0"><span class='ocrx_word' id='word_1_355' title='bbox 0 0 1428 4320; x_wconf 95' lang='lat' dir='ltr'> </span> 
     </span>
    </p>
   </div>
  </div>
 </body>
</html>
