2754 4322
226 325 268 390 50
505 373 508 399 ¹
630 306 806 375 CICERO

225 471 370 536 trarium.
424 469 604 554 Quomque
632 491 670 534 se
698 470 742 534 ad
767 468 898 534 civilem
923 469 1117 534 societatem
1140 473 1257 530 natum

224 575 372 651 senserit,
387 593 455 638 non
469 573 578 638 solum
594 573 650 638 illa
662 572 775 638 subtili
786 573 1012 656 disputatione
1022 571 1084 635 sibi
1095 569 1258 634 utendum

225 675 366 760 putabit,
389 677 573 742 sedetiam
597 676 671 742 susa
697 677 796 741 latius
822 684 983 760 perpetua
1008 675 1165 749 oratione,
1191 692 1259 754 qua

225 787 319 862 regat
333 778 484 863 populos,
503 799 570 862 qua
591 779 739 845 stabiliat
762 778 861 863 leges,
886 799 953 862 qua
974 779 1115 861 castiget
1136 777 1260 858 impro-

182 895 199 963 5
225 881 295 959 bos,
317 903 385 965 qua
410 891 543 948 tueatur
567 882 683 960 bonos,
707 903 774 966 qua
799 883 914 948 laudet
938 882 1044 947 claros
1068 881 1165 956 viros,
1191 898 1259 962 qua

225 995 403 1070 praecepta
416 985 533 1051 salutis
548 995 582 1050 et
596 967 703 1051 laudis
718 994 798 1069 apte
819 987 863 1050 ad
886 984 1154 1070 persuadendum
1180 983 1260 1047 edat

224 1089 293 1153 suis
307 1089 441 1167 civibus,
456 1109 522 1172 qua
537 1088 661 1154 hortari
681 1090 725 1153 ad
748 1089 858 1166 decus,
882 1109 1035 1154 revocare
1056 1088 1100 1152 ab
1121 1086 1258 1169 flagitio,

225 1191 386 1257 consolari
400 1194 506 1276 possit
520 1192 673 1257 adflictos
688 1192 842 1275 laetaque
857 1201 892 1257 et
905 1191 1057 1257 consulta
1070 1191 1205 1255 sortium
1225 1198 1260 1253 et

224 1296 423 1379 sapientium
458 1316 533 1361 cum
571 1295 797 1380 improborum
835 1296 1017 1379 ignominia
1050 1293 1259 1377 sempiternis

163 1414 203 1463 10
225 1399 448 1465 monumentis
471 1399 621 1482 prodere.
675 1397 772 1481 Quae
797 1419 900 1482 quom
922 1408 974 1465 tot
1001 1419 1053 1463 res
1078 1384 1259 1481 tantaeque

223 1503 298 1580 sint,
314 1524 400 1586 quae
415 1504 523 1567 inesse
538 1502 571 1565 in
585 1500 720 1566 homine
743 1504 983 1586 perspiciantur
1001 1503 1045 1567 ab
1067 1503 1115 1579 iis,
1141 1502 1199 1584 qui
1222 1522 1259 1565 se

223 1607 286 1690 ipsi
301 1605 405 1671 velint
419 1625 526 1680 nosse,
542 1624 655 1668 earum
670 1624 789 1689 parens
804 1614 856 1671 est
870 1606 1110 1688 educatrixque
1128 1606 1259 1687 sapien-

224 1710 279 1773 tia.
322 1707 398 1772 Art.
435 1706 591 1771 Laudata
604 1718 653 1771 est
663 1728 700 1771 ea
715 1708 850 1792 quidem
865 1730 886 1773 a
900 1717 936 1773 te
949 1709 1093 1792 graviter
1109 1717 1144 1773 et
1162 1727 1261 1772 vere:

224 1809 283 1876 sed
314 1831 452 1894 quorsus
482 1809 546 1874 hoc
572 1810 738 1893 pertinet?
780 1807 831 1889 63
875 1811 928 1876 M.
966 1811 1113 1875 Primum
1139 1809 1182 1875 ad
1208 1831 1258 1886 ea,

164 1928 198 1995 15
226 1914 398 1996 Pomponi,
414 1912 457 1977 de
472 1912 591 1997 quibus
606 1915 710 1977 acturi
725 1915 791 1977 iam
814 1935 937 1992 sumus,
962 1934 1048 1996 quae
1069 1923 1164 1979 tanta
1186 1934 1260 1978 esse

224 2016 398 2095 volumus;
431 2017 611 2081 nonenim
639 2025 743 2092 erunt,
771 2017 833 2082 nisi
859 2039 899 2082 ea
924 2017 1054 2094 suerint,
1081 2017 1170 2082 unde
1202 2017 1260 2081 illa
1354 2023 1355 2034 ¹

225 2129 371 2196 manant,
395 2118 606 2203 amplissima.
651 2119 784 2184 Deinde
807 2119 892 2184 facio
915 2130 949 2185 et
966 2119 1127 2198 ⁸lubenter
1151 2128 1194 2197 et,
1221 2129 1260 2185 ut
1309 2111 1312 2118 Δ

224 2243 329 2307 spero,
346 2232 443 2300 recte,
464 2222 554 2307 quod
578 2242 661 2300 earn,
688 2225 807 2306 quoius
832 2224 944 2289 studio
967 2233 1083 2288 teneor
1107 2244 1260 2307 quaeque

226 2347 280 2391 me
294 2347 379 2404 eum,
404 2327 606 2411 quicumque
628 2347 712 2403 sum,
737 2327 854 2404 effecit,
875 2347 942 2392 non
967 2348 1103 2411 possum
1126 2327 1260 2392 silentio

161 2447 203 2495 20
224 2432 407 2513 praeterire.
451 2429 523 2494 Art.
560 2449 639 2494 vero
653 2429 734 2494 iacis
749 2438 783 2494 et
798 2430 916 2495 merito
932 2439 966 2495 et
981 2432 1043 2514 pie,
1062 2431 1191 2515 luitque
1213 2431 1257 2507 id,

224 2541 261 2597 ut
275 2533 365 2608 dicis,
382 2533 416 2595 in
430 2531 493 2597 hoc
509 2553 659 2597 sermone
674 2532 875 2598 faciundum.

288 2727 449 2777 metatum.
486 2742 525 2792 ep.
540 2727 643 2777 Aristot.
660 2728 711 2778 Pol.
726 2740 744 2778 1.
759 2740 783 2778 2.
797 2729 923 2778 πολιτικὸν
934 2729 947 2777 ὁ
958 2727 1081 2793 ἅνθρωπος
1092 2729 1162 2795 ζῶον.

288 2791 349 2864 fusa
358 2791 441 2840 ludus
451 2794 586 2853 perpetua.
620 2793 642 2842 1²
642 2792 708 2843 eldh.
723 2793 833 2844 remarks
848 2794 902 2843 that
913 2793 962 2843 this
973 2795 994 2845 is
1005 2803 1049 2844 not
1060 2797 1199 2884 apndeton,
1211 2796 1259 2846 but

223 2858 277 2910 that
288 2857 308 2907 it
318 2858 339 2908 is
351 2857 394 2907 the
405 2858 532 2921 '‘perpetua
542 2855 633 2906 oratrh’
645 2857 728 2907 which
738 2858 759 2908 is
770 2858 824 2907 said
836 2867 861 2909 to
872 2859 905 2909 be
919 2861 989 2923 ‘ficro
1000 2861 1082 2910 latius.
1120 2861 1193 2910 With
1207 2861 1260 2910 this

223 2939 327 2992 passage
339 2922 409 2972 Bake
420 2936 501 2986 comp.
516 2921 620 2972 Aristot.
635 2922 710 2972 Rhet.
725 2933 743 2973 1.
757 2937 781 2985 4
799 2935 835 2974 ιο.
872 2925 1017 2987 ἡΡητορικὴ
1028 2928 1155 2988 σύγκειται
1170 2927 1215 2986 μὲν
1231 2928 1261 2975 ἔκ

222 3008 251 3041 τι
261 2992 305 3050 τῆς
315 2989 460 3047 ἀναλυτικῆς
470 2987 605 3047 ἐπιστήμης
616 2989 655 3036 rol
666 2989 709 3047 τῆς
719 2990 774 3050 περὶ
785 2990 818 3037 τὰ
827 2990 876 3048 ἤθη
886 2992 1019 3050 πολιτικῆς.

287 3055 428 3117 praesepta
438 3051 541 3102 salutis.
575 3053 621 3102 vin
635 3053 697 3102 such
715 3068 743 3103 as
760 3053 813 3103 will
831 3054 942 3106 conduce
960 3062 987 3106 to
1006 3055 1071 3105 their
1089 3055 1188 3106 weliare
1207 3057 1261 3106 and
1355 3111 1356 3122 γ

223 3119 328 3170 honour.
496 3161 500 3170 .

288 3184 410 3235 Laudato
420 3185 462 3234 etl
472 3195 511 3232 aa.
537 3180 637 3231 Halm's
648 3182 788 3246 conjecture
799 3185 840 3232 eat
850 3197 893 3245 aa,
904 3183 1025 3250 although
1035 3185 1147 3249 wanting
1157 3186 1184 3235 in
1195 3198 1258 3237 uss

224 3250 245 3300 is
256 3250 396 3315 manifestly
407 3248 528 3314 required.
565 3247 645 3299 Other
656 3247 757 3298 Editors
765 3248 859 3314 supply
869 3252 911 3299 eat
927 3250 1006 3300 either
1022 3251 1086 3301 after
1103 3250 1212 3312 quidam
1229 3268 1262 3302 or

223 3327 293 3364 vars.
329 3315 379 3365 For
390 3314 432 3365 the
443 3328 565 3379 promus,
579 3313 627 3363 See
638 3315 658 3373 ἕ.
673 3312 696 3362 6.
711 3329 737 3362 n.

288 3380 308 3439 l.
323 3379 364 3430 68.
399 3381 483 3429 tanta
518 3395 549 3429 sc.
571 3393 598 3428 as
614 3378 686 3428 those
703 3377 811 3442 subjecta
829 3379 859 3429 ol
873 3379 956 3430 which
970 3379 1003 3430 he
1012 3380 1058 3430 has
1069 3381 1172 3432 treated.
1209 3381 1264 3434 But

224 3443 312 3494 Feldh.
325 3459 356 3494 ex
374 3443 437 3495 lains
451 3445 469 3470 “
476 3445 578 3505 quanta
588 3455 649 3492 oum
658 3442 800 3493 maxima.”

286 3521 350 3558 varo
428 3543 435 3558 .
468 3506 587 3559 Vahleu’s
597 3509 734 3558 admirable
744 3509 884 3574 conjecture
895 3509 975 3572 ospia
986 3511 1122 3576 (dutifirlly)
1140 3510 1179 3560 for
1197 3511 1273 3564 lass.'

222 3573 286 3637 lpse,
300 3573 368 3639 gives
379 3573 501 3624 excellent
510 3589 581 3624 sense
591 3574 653 3624 with
663 3574 707 3624 the
718 3575 780 3625 least
790 3575 928 3625 alteration.
943 3575 947 3584 '
966 3576 1045 3625 Halm
1059 3575 1130 3626 reads
1141 3575 1184 3625 uu
1195 3589 1264 3628 vero

220 3639 370 3690 raderent·
380 3640 408 3688 et
418 3637 513 3688 mento
523 3639 630 3700 etipse,
640 3639 761 3701 luitqua;
777 3640 911 3705 supplying
925 3640 968 3690 Ἔν
986 3641 1050 3690 from
1067 3641 1106 3689 his
1124 3656 1182 3690 orm
1199 3658 1264 3692 con-

214 3705 314 3770 ·jecture
325 3703 375 3753 and
389 3705 462 3753 reate
473 3703 536 3753 from
548 3705 600 3753 that
613 3705 642 3753 ol
651 3704 738 3754 Feldh.
775 3704 831 3754 The
842 3705 914 3754 latter
925 3706 1037 3771 explains
1047 3706 1211 3766 lpso=ulrm
