2818 4320
559 289 631 356 DE
658 289 887 358 LEGIBUS.
1144 308 1201 356 121

166 446 308 528 exstitit,
333 447 376 516 ne
402 449 445 529 id,
461 449 552 536 quod
577 443 694 530 fuerat,
718 459 813 518 esset
859 451 937 518 Hoc
951 451 1044 516 enim¹
1060 451 1203 536 primum

167 553 289 618 minuit
312 553 485 620 consulare
510 556 570 632 ius,
597 555 689 640 quod
720 555 859 632 exstitit,
889 555 961 638 ipse
989 555 1046 638 qui
1072 575 1113 619 eo
1136 576 1203 621 non

165 665 344 734 teneretur,
374 656 495 722 deinde
525 658 616 742 quod
646 658 759 723 attulit
787 656 950 723 auxilium
979 658 1112 742 reliquis
1135 679 1203 723 non

166 759 271 824 modo
301 761 557 844 magistratibus,
587 761 647 826 sed
676 761 778 825 etiam
807 761 942 844 privatis
972 760 1098 826 consuli
1135 782 1203 827 non

165 863 369 945 parentibus.
415 871 462 944 17.
514 862 552 944 Q.
598 865 762 948 Magnum
777 863 858 928 dicis
874 862 1023 942 malum3
1045 885 1123 928 nam
1138 866 1203 930 ista
1246 877 1264 947 5

165 975 336 1048 potestate
351 976 429 1032 nata
444 969 589 1051 gravitas
605 968 817 1052 optimatium
838 967 957 1031 cecidit
971 967 1203 1052 convaluitque

164 1069 217 1134 vis
244 1069 473 1137 multitudinis.
539 1069 591 1135 M.
633 1071 716 1136 'Non
731 1075 791 1146 est,
808 1068 941 1153 Quinte,
958 1070 1012 1134 ita.
1058 1072 1137 1136 Non
1152 1073 1202 1137 ius
1277 1145 1280 1152 Ι

165 1171 256 1235 enim
281 1172 361 1237 illud
388 1173 496 1238 solum
523 1173 695 1257 superbius
719 1173 843 1257 populo
858 1181 892 1238 et
906 1171 1081 1238 violentius
1099 1175 1202 1239 videri

165 1294 302 1340 necesse
332 1279 411 1354 e'rat,
442 1296 510 1360 quo
547 1285 665 1360 postea
693 1296 795 1360 quam
832 1275 963 1340 modica
1000 1284 1035 1341 et
1070 1278 1202 1360 sapiens

164 1381 366 1461 temperatio
381 1378 754 1461 accessit,†conve1tem
769 1379 827 1443 lex
842 1379 876 1442 in
890 1378 999 1443 omnis
1013 1387 1065 1444 est
1080 1384 1099 1422 t
1121 1384 1141 1422 t
1162 1377 1181 1416 *
1228 1398 1269 1444 10

228 1483 321 1548 VIII.
363 1481 412 1548 18.
462 1482 618 1548 Domum
645 1499 729 1547 curn
756 1479 863 1548 laude
889 1479 1086 1562 redeunto;
1121 1482 1202 1547 nihil

165 1588 256 1652 enim
282 1595 413 1670 praeter
436 1585 570 1650 laudem
596 1585 692 1651 bonis
718 1594 819 1669 atque
842 1585 1072 1650 innocentibus
1094 1606 1203 1669 neque

165 1711 212 1755 ex
240 1690 391 1754 hostibus
423 1709 531 1772 neque
560 1688 702 1754 asociis
728 1688 973 1772 reportandum.
1020 1689 1093 1753 Iam
1119 1689 1201 1754 illud

166 1802 320 1877 apertum
344 1801 395 1856 est
416 1791 574 1876 profecto,
600 1790 682 1856 nihil
703 1811 784 1864 esse
808 1793 938 1876 turpius
963 1813 1064 1876 quarn
1087 1810 1203 1875 quem-

167 1917 270 1981 quam
294 1895 395 1979 legari
411 1896 473 1959 nisi
497 1896 544 1959 rei
558 1893 710 1978 publicae
735 1915 844 1960 causa.
889 1893 1019 1960 Omitto
1035 1917 1135 1979 quem
1158 1896 1201 1962 ad
1227 1910 1263 1978 15

168 2000 306 2065 modum
333 1999 387 2063 isti
412 2019 448 2063 se
474 2007 592 2082 gerant
620 2006 722 2081 atque
751 1997 921 2081 gesserint,
952 1999 1009 2081 qui
1035 1998 1201 2081 legatione

229 2283 300 2346 quod
309 2284 404 2334 fuerat.
444 2284 512 2333 “Ne
574 2284 703 2346 'potuim
720 2281 1043 2347 quaterdenarium
1061 2285 1200 2336 carnalibus

164 2348 325 2401 remaneret.”
358 2349 540 2400 Tumeb.ttsa
572 2348 742 2398 averuerit.v
837 2385 840 2395 .

109 2453 112 2459 r
229 2417 250 2476 §-
264 2415 304 2464 1⁷.
323 2413 367 2464 ius
377 2412 452 2464 illud
487 2429 519 2464 sc.
537 2411 694 2462 ‘aemulare'
716 2411 809 2462 solum.
830 2411 875 2462 ae.
899 2411 1003 2462 without
1021 2411 1064 2462 the
1079 2414 1196 2466 tribunes.

106 2477 107 2480 ’
163 2480 264 2530 Vahlen
276 2481 361 2529 edits=
380 2481 440 2530 Non
460 2480 499 2528 ius
515 2477 781 2528 enim-necassent?
796 2493 844 2541 quo
855 2479 1069 2541 postea—accersat.
1092 2479 1106 2505 '⁵
1123 2483 1137 2509 ὓ
1153 2484 1168 2510 ⁴⁵
1184 2481 1199 2506 *

162 2552 277 2606 coemerte,
297 2545 381 2594 lexin
398 2560 479 2594 omnes
496 2551 537 2594 est.
572 2543 629 2593 The
640 2559 743 2608 passage
761 2542 919 2607 isgenerally
940 2543 1142 2609 edited-populo
1159 2547 1202 2595 red

161 2611 436 2661 violentius—conversa
445 2609 524 2658 lexin
534 2615 664 2658 omnesest.
678 2607 761 2658 which
769 2608 899 2658 Turnebus
906 2608 1018 2672 explains
1027 2609 1083 2659 thus
1095 2628 1102 2660 e
1114 2611 1198 2661 before

161 2677 206 2726 the
227 2675 364 2725 Tribunate
386 2691 438 2724 was
459 2673 617 2734 established,
642 2673 685 2724 the
716 2673 831 2733 Consuls,
857 2673 931 2738 being
952 2674 1044 2724 chosen
1068 2675 1132 2725 from
1154 2677 1197 2726 the

165 2742 304 2806 optimate,
317 2739 401 2789 would
410 2740 498 2789 favour
507 2739 562 2789 that
572 2739 646 2788 order
653 2757 662 2799 ;
678 2739 731 2799 but,
744 2738 888 2788 afterwards
902 2740 1008 2788 “omnes
1023 2743 1099 2790 teneri
1108 2743 1199 2829 legates

442 2806 446 2817 ¹
502 2806 507 2817 '
521 2805 526 2816 ⁹
647 2806 652 2816 '
793 2805 798 2814 '
900 2804 905 2815 '
1188 2806 1196 2830 5

160 2805 553 2926 mmm
570 2811 712 2918 {tritt
729 2803 1196 2935 tittztiththinhth

160 2935 321 2987 emendation
332 2952 340 2995 ;
355 2949 383 2984 as
399 2934 451 2984 itis
468 2934 561 2985 certain
573 2934 627 2983 that
646 2934 715 2983 there·
729 2933 777 2983 isa
793 2941 863 2998 great
873 2951 923 3000 gap
935 2935 993 2986 here
1012 2936 1056 2985 but
1068 2936 1195 2985 uncertain

162 3002 245 3051 where
263 3001 283 3049 it
294 3015 456 3050 commences
493 2999 528 3049 At
547 3014 596 3063 any
607 3005 659 3048 rate
677 3014 715 3048 we
726 2999 778 3048 find
789 3015 823 3048 no
842 3000 1000 3065 explanation
1011 3001 1040 3049 of
1047 3000 1090 3050 the
1100 3001 1195 3051 clauses

161 3067 191 3118 of
198 3067 241 3116 the
252 3067 300 3114 law
312 3065 376 3114 until
387 3081 424 3115 we
435 3080 506 3115 come
517 3071 544 3116 to
554 3065 669 3113 Domum
680 3065 730 3114 cet.
743 3065 765 3124 §-
779 3077 802 3125 9.

226 3134 247 3192 ἓ.
262 3131 301 3180 18.
320 3130 454 3179 redeunte.
490 3130 584 3180 Victor.
621 3141 678 3179 msa.
699 3129 765 3178 Α.Β.
774 3129 901 3192 paleano.
937 3129 1013 3178 Some
1024 3129 1067 3178 old
1086 3129 1193 3180 editions

160 3197 218 3262 give
247 3194 425 3257 repedandum
447 3195 510 3244 from
533 3194 633 3244 inferior
650 3206 707 3244 mss
735 3193 823 3243 Festus
852 3194 976 3254 mentions
1002 3204 1034 3243 an
1063 3194 1105 3244 old
1133 3197 1193 3245 verb

159 3261 286 3323 repedare
299 3281 326 3302 =
339 3261 446 3310 recedere.
483 3259 552 3309 Bake
569 3260 684 3310 observes
695 3258 749 3308 that
760 3259 848 3309 Cicero
859 3259 974 3308 enforced
986 3259 1034 3309 this
1045 3268 1146 3325 precept
1158 3262 1192 3326 by

160 3327 201 3378 his
211 3342 268 3376 own
280 3325 406 3390 example:
419 3340 457 3389 cp.
471 3325 508 3374 ad
514 3326 605 3375 Famil.
620 3337 650 3374 11.
664 3323 723 3373 xvii.
737 3337 760 3385 4
1169 3379 1171 3385 A

225 3391 318 3453 legari.
355 3391 471 3441 Senators
490 3389 589 3454 leaving
607 3390 672 3454 Italy
691 3404 724 3438 on
735 3388 830 3452 private
849 3388 961 3438 business
972 3404 1036 3439 were
1053 3390 1192 3456 frequently

159 3456 273 3508 invested
291 3457 351 3506 with
362 3455 404 3505 the
416 3456 469 3505 title
480 3456 510 3505 of
516 3455 614 3520 legatus,
628 3454 710 3503 which
726 3453 828 3503 entitled
840 3454 907 3503 thern
919 3461 946 3502 to
956 3455 1049 3504 certain
1060 3457 1191 3522 privileges

159 3523 186 3572 in
198 3523 241 3573 the
252 3523 398 3586 provinces:
415 3536 433 3570 e.
442 3537 466 3584 g.
482 3521 570 3570 Cicero
588 3521 633 3580 (ad
640 3520 731 3568 Famil.
752 3530 803 3568 xri.
817 3521 870 3580 21.)
882 3518 1005 3570 mentions
1016 3521 1070 3570 that
1087 3521 1119 3570 he
1129 3523 1191 3572 used

159 3595 187 3638 to
209 3588 292 3652 assign
314 3587 398 3636 lictors
420 3593 446 3637 to
467 3593 578 3636 senators
600 3584 730 3647 travelling
751 3584 777 3632 in
799 3583 838 3632 his
855 3585 989 3648 province:
1013 3585 1071 3636 how
1087 3603 1191 3651 persons

160 3653 274 3718 engaged
284 3653 311 3701 in
330 3652 462 3716 collecting
472 3652 544 3701 debts
555 3650 599 3700 dre.
614 3649 697 3698 would
715 3651 746 3697 be
756 3648 833 3713 likely
845 3657 871 3698 to
882 3650 958 3700 abuse
968 3651 1038 3701 these
1048 3652 1187 3717 privileges,

160 3734 199 3768 we
217 3733 275 3781 may
285 3717 372 3782 gather
388 3717 452 3766 from
464 3717 506 3766 the
523 3721 628 3765 account
639 3713 721 3763 which
732 3714 820 3764 Cicero
832 3715 877 3774 (ad
885 3717 959 3766 Aetia
978 3729 1016 3766 vi.
1031 3719 1068 3777 2.)
1079 3719 1147 3781 gives
1164 3718 1194 3766 of

159 3784 204 3898 {he
215 3782 415 3908 prhpiceedings50f
432 3781 584 3848 Scaptiusa
594 3779 673 3830 friend
689 3780 739 3830 and
750 3787 824 3845 agent
843 3779 872 3829 of
886 3781 928 3830 the
950 3782 1068 3847 ‘patriot’
1089 3783 1186 3832 Brutus.

182 3865 212 3899 or
279 3863 319 3913 cp.
334 3859 363 3898 11.
391 3859 435 3897 .2.
483 3881 489 3896 .
668 3873 670 3878 .
1186 3861 1187 3866 ¹

1141 3941 1160 3987 Q
