2754 4322
220 289 260 365 58
608 288 787 356 CICERO

218 465 296 510 vero
322 447 470 533 intellegi
489 449 537 514 sic
551 457 692 534 oportet,
708 457 743 514 et
765 448 828 514 hoc
844 457 878 514 et
893 447 958 513 alia
981 448 1070 512 iussa
1084 466 1124 510 ac
1148 445 1258 510 vetita

218 549 417 632 populorum
443 552 511 617 vim
536 552 658 618 habere
688 553 731 618 ad
761 562 851 618 recte
880 551 968 616 facta
997 549 1138 616 vocandi
1170 557 1206 612 et
1234 570 1257 612 a

219 654 364 734 peccatis
398 656 568 734 avocandi,
594 677 679 739 quae
706 666 812 720 tamen
836 656 886 720 vis
916 675 982 719 non
1013 654 1114 718 modo
1144 652 1257 716 senior

219 764 270 818 est
296 777 397 839 quam
421 768 513 824 aetas
539 759 737 843 populorum
758 769 792 824 et
814 758 1006 834 civitatium,
1023 757 1082 822 sed
1104 754 1256 839 aequalis

156 866 172 934 5
220 856 306 944 illius
329 861 458 925 caelum
475 871 575 946 atque
598 872 701 927 terras
716 863 841 942 tuentis
856 870 890 926 et
913 861 1056 944 regentis
1072 859 1135 922 dei.
1203 873 1254 922 10.

219 960 339 1045 Neque
365 965 453 1029 enim
470 987 541 1030 esse
568 986 661 1030 mens
677 966 788 1030 divina
814 966 885 1029 sine
900 965 1027 1028 ratione
1047 970 1167 1046 potest,
1192 981 1255 1024 nec

218 1065 303 1128 ratio
318 1066 428 1131 divina
445 1089 510 1132 non
525 1069 611 1133 hanc
625 1070 693 1133 vim
709 1070 743 1133 in
758 1069 854 1132 rectis
875 1067 1050 1151 pravisque
1065 1065 1253 1130 sanciendis

220 1164 330 1246 habet,
361 1192 431 1248 nec,
468 1173 545 1255 quia
576 1191 740 1255 nusquam
770 1180 842 1235 erat
871 1172 1039 1254 scriptum,
1070 1178 1108 1234 ut
1137 1177 1254 1232 contra

218 1273 325 1338 omnis
347 1273 493 1340 hostium
515 1277 628 1359 copias
644 1277 678 1339 in
701 1283 804 1358 ponte
820 1295 904 1339 unus
920 1274 1095 1338 adsisteret
1110 1293 1130 1336 a
1145 1281 1254 1354 tergo-

158 1387 197 1434 10
219 1394 284 1457 que
298 1387 436 1461 pontem
460 1379 650 1444 interscindi
666 1378 801 1455 iuberet,
817 1378 938 1442 idcirco
954 1378 1062 1441 minus
1090 1374 1253 1440 Coclitem

90 1481 92 1486 '
219 1477 311 1543 illum
353 1503 423 1546 rem
457 1484 598 1565 gessisse
635 1491 765 1547 tantam
795 1481 996 1546 fortitudinis
1037 1479 1111 1563 lege
1150 1488 1255 1562 atque

219 1581 357 1665 imperio
384 1585 583 1666 putabimus,
600 1604 670 1660 nec,
685 1585 713 1648 si
734 1594 895 1668 regnante
910 1583 948 1647 L.
964 1582 1146 1666 Tarquinio
1163 1581 1254 1645 nulla

219 1694 290 1748 erat
314 1686 444 1751 Romae
466 1689 589 1770 scripta
613 1686 670 1751 lex
692 1687 735 1752 de
756 1688 887 1771 stupris,
904 1686 1025 1750 idcirco
1049 1706 1115 1750 non
1137 1694 1255 1749 contra

219 1786 309 1851 illam
336 1790 444 1872 legem
468 1791 705 1873 sempiternam
730 1789 808 1855 SeX.
825 1789 1024 1872 Tarquinius
1046 1789 1113 1853 vim
1130 1789 1255 1852 Lucre-

157 1902 192 1969 15
218 1890 293 1967 tiae,
309 1891 493 1976 Tricipitini
509 1893 605 1967 filiae,
621 1894 740 1958 attulit.
786 1894 870 1958 Erat
892 1894 980 1967 eninr
995 1893 1087 1969 ratio,
1104 1891 1256 1975 profecta

218 2014 239 2057 a
265 2016 372 2059 rerum
397 2007 524 2074 natura,
540 2006 574 2062 et
600 1997 643 2062 ad
659 2007 748 2062 recte
773 1996 961 2062 faciendum
977 1996 1151 2079 impellens
1177 2006 1211 2060 et
1233 2017 1255 2060 a

218 2097 343 2180 delicto¹
356 2121 506 2178 avocans,
523 2122 608 2184 quae
632 2122 698 2166 non
713 2110 785 2165 tum
809 2101 953 2185 denique
968 2101 1083 2183 incipit
1098 2099 1155 2164 lex
1171 2120 1255 2178 esse,

218 2221 320 2284 quom
346 2205 468 2289 scripta
495 2213 554 2281 est,
570 2205 629 2269 sed
653 2214 735 2282 tum,
751 2225 828 2268 cum
849 2214 921 2269 orta
947 2213 1020 2282 est;
1042 2213 1115 2268 orta
1138 2212 1254 2267 autem

217 2315 268 2371 est
290 2308 388 2372 simul
404 2328 479 2373 cum
505 2318 617 2373 mente
643 2308 762 2373 divina.
807 2295 920 2390 Quam
943 2306 1071 2371 obrem
1094 2304 1152 2370 lex
1174 2328 1256 2371 vera

156 2422 197 2470 20
219 2419 319 2493 atque
348 2413 501 2495 princeps
530 2421 610 2495 apta
639 2411 683 2474 ad
713 2410 895 2474 iubendum
925 2418 959 2473 et
988 2410 1031 2474 ad
1069 2410 1254 2474 vetandum

219 2513 303 2576 ratio
318 2523 369 2578 est
384 2524 474 2579 recta
488 2516 610 2580 summi
627 2514 724 2578 Iovis.

283 2615 323 2679 V.
348 2633 396 2684 11.
441 2617 481 2696 Q.
515 2617 706 2694 Adsentior,
734 2615 842 2691 frater,
867 2625 913 2693 ut,
937 2615 1027 2698 quod
1049 2623 1100 2679 est
1124 2624 1254 2680 rectum

218 2737 406 2801 verumque,
434 2720 468 2782 id
495 2740 602 2802 neque
627 2740 703 2783 cum
726 2717 851 2795 litteris,
879 2719 998 2802 quibus
1023 2719 1106 2783 scita
1131 2717 1256 2783 descri-

284 2882 341 2932 vim
359 2883 466 2934 hahere.
507 2883 583 2932 Some
601 2882 684 2932 would
704 2881 794 2946 supply
813 2895 868 2931 non
886 2883 971 2933 before
987 2883 1101 2944 habere3
1117 2882 1163 2933 but
1183 2883 1257 2934 Bake

220 2948 301 2998 shows
322 2948 374 2999 that
392 2947 435 2998 the
446 2963 517 2998 sense
536 2948 576 2997 is:
595 2947 681 2996 “laws
699 2947 825 3023 generally
836 2947 899 2998 have
919 2948 968 2998 this
985 2964 1086 3013 power3
1101 2956 1143 3012 yet
1155 2948 1175 2998 it
1191 2949 1256 3000 does

219 3023 263 3066 not
274 3015 382 3080 proceed
392 3014 455 3064 from
467 3013 510 3062 the
521 3012 581 3061 laws
592 3012 740 3062 themselves
750 3012 795 3061 but
806 3027 827 3061 rs
837 3013 945 3062 anterior
955 3011 1019 3064 &c.’'

283 3083 381 3141 tamam
402 3078 484 3128 which
502 3078 516 3126 1
535 3077 599 3127 have
610 3077 767 3141 conjectured
779 3077 841 3127 from
853 3078 896 3128 the
907 3090 964 3128 MSS.
980 3079 1008 3127 Β.
1022 3077 1178 3140 avocandiq.
1196 3079 1255 3128 tuis

218 3145 269 3194 and
281 3147 310 3197 C.
321 3144 450 3195 avocandi
461 3143 554 3206 qulnte
564 3142 627 3203 tuis,
637 3158 716 3192 seems
727 3157 855 3208 necessary
865 3143 904 3192 for
914 3143 956 3194 the
967 3159 1038 3194 sense
1049 3144 1099 3193 aud
1110 3144 1131 3192 is
1142 3145 1256 3210 scarcely

219 3225 252 3258 an
263 3211 410 3270 alteration;
426 3213 518 3260 tamen
528 3208 611 3258 would
623 3209 654 3258 be
665 3207 790 3257 indicated
801 3207 827 3257 in
838 3219 896 3258 uss.
910 3209 944 3274 by
954 3209 1036 3260 tuith
1047 3225 1063 3260 a
1073 3209 1143 3259 dash.

283 3277 304 3335 §-
323 3277 363 3326 10.
398 3275 535 3325 Coclitem
573 3273 644 3338 Livy,
659 3285 689 3324 11.
707 3285 743 3322 10.
780 3273 948 3335 Tarquinius.
969 3287 987 3325 1.
1003 3273 1042 3340 58.

285 3343 350 3390 orta.
364 3357 403 3406 cp
419 3340 537 3406 Sophocl
552 3341 639 3405 Antig.
653 3355 692 3390 vv.
706 3338 762 3403 456.
782 3338 834 3390 foll.

283 3406 305 3464 §-
318 3406 354 3455 11.
389 3409 492 3456 reatum
512 3418 655 3468 verumque
676 3404 712 3455 ld
756 3405 807 3454 For
833 3403 862 3453 ld
883 3417 941 3455 uass,
966 3405 1030 3455 have
1051 3403 1096 3454 ut.
1140 3403 1252 3467 Vahlen,

222 3467 284 3518 after
291 3469 392 3531 Davies,
406 3471 665 3536 seeing-thatraotum
681 3482 825 3532 varumque
839 3470 860 3519 is
880 3486 896 3519 a
914 3486 940 3520 re
974 3469 1178 3530 larcollocation,
1189 3471 1256 3520 adds

220 3535 358 3584 catomum
368 3548 470 3598 quoque
481 3537 534 3596 εἰη
558 3537 604 3586 but
614 3536 633 3585 it
644 3551 723 3586 seems
734 3537 811 3585 easier
822 3544 848 3585 to
859 3536 919 3584 read
928 3486 1007 3584 idufor
1016 3535 1053 3585 nit
1064 3535 1124 3584 than
1134 3542 1162 3584 to
1172 3536 1255 3600 adopt

220 3598 270 3649 this
291 3599 438 3663 conjecture,
463 3617 491 3651 or
512 3609 538 3651 to
560 3608 647 3666 accept
665 3601 717 3650 and
739 3600 839 3666 explain
859 3600 901 3651 the
921 3599 1021 3664 vulgate
1038 3602 1140 3649 rectum
1156 3613 1255 3650 vorum

220 3677 324 3727 quoquo
345 3667 398 3715 alt:
426 3666 508 3716 where
533 3666 602 3716 Bake
620 3666 670 3716 and
698 3665 786 3715 Feldh.
807 3666 876 3714 draw
901 3664 943 3714 the
962 3665 1090 3729 following
1106 3663 1255 3715 distinction

220 3731 333 3780 between
354 3732 457 3779 metum
477 3730 527 3779 and
544 3744 653 3780 verume
670 3731 714 3781 the
732 3730 823 3780 former
843 3730 882 3790 (τὸ
893 3730 1011 3792 ὀρθᾶν)ὶε
1034 3729 1090 3779 ‘the
1111 3729 1256 3796 absolutely

220 3793 300 3860 right'
320 3795 346 3845 in
366 3793 452 3858 theory
461 3813 469 3855 ;
485 3794 528 3844 the
546 3795 619 3845 latter
634 3795 656 3845 is
672 3795 733 3845 used
749 3795 811 3845 with
827 3793 950 3844 reference
967 3804 993 3845 to
1013 3794 1054 3844 the
1070 3794 1197 3856 standard,
1218 3795 1256 3860 by

220 3861 302 3912 which
321 3859 404 3936 things
419 3858 470 3923 just
486 3860 536 3908 and
554 3861 638 3923 unjust
656 3876 698 3910 are
717 3867 743 3910 to
762 3861 794 3910 be
808 3859 919 3924 judgedr
947 3860 1004 3910 thus
1026 3859 1107 3916 ‘ithat
1127 3859 1210 3909 which
1231 3861 1255 3910 is

219 3926 359 3991 absolutely
369 3924 433 3988 nght
445 3925 465 3973 is
477 3923 530 3974 also
540 3923 583 3974 the
594 3934 646 3974 true
657 3925 712 3974 law.
718 3923 732 3948 ”
1006 3967 1010 3976 ,
