2754 4322
201 324 240 378 ιι
602 306 780 386 CICERO

197 468 335 554 populo
352 467 582 554 necessarium.
640 468 714 536 Nec
744 487 823 535 vero
851 485 918 546 eos,
947 465 1006 551 qui
1042 465 1073 532 ei
1097 465 1236 532 muneri

198 573 420 656 praefuerunt,
436 574 578 640 universi
593 573 672 639 iuris
687 572 787 639 luisse
805 570 957 656 ,expertis
980 569 1148 647 existimo,
1173 569 1236 634 sed

194 672 259 742 hoc
287 675 384 742 civile
412 676 503 760 quod
533 684 655 743 vocant
683 685 823 742 eatenus
859 681 1086 751 exercuerunt,
1122 671 1236 757 quoad

199 778 324 862 populo
353 788 522 864 praestare
549 779 745 860 voluerunt;
778 779 813 844 id
842 786 956 844 autem
986 778 1020 842 in
1045 775 1237 860 cognitione

136 894 153 962 5
200 889 301 958 tenue
315 891 376 963 est,
392 883 426 947 in
441 903 503 948 usu
518 883 748 948 necessarium.
793 880 907 966 Quam
924 879 970 946 ob
992 900 1063 945 rem
1087 900 1155 964 quo
1181 899 1237 943 me

199 985 323 1051 vocas?
359 995 419 1052 aut
448 986 528 1069 quid
557 984 722 1051 hortaris?
759 993 797 1050 ut
826 983 956 1050 libellos
984 982 1158 1048 conficiam
1193 981 1239 1046 de

199 1087 441 1155 stillicidiorum
456 1089 553 1155 aede
568 1087 733 1180 parietum
749 1087 842 1153 iure?
867 1106 910 1153 an
931 1095 970 1152 ut
983 1085 1238 1170 stipulationum

200 1200 235 1262 et
249 1191 445 1275 iudiciprum
460 1192 617 1258 formulas
637 1185 847 1276 conponam?
880 1209 967 1273 quae
991 1197 1025 1256 et
1050 1178 1239 1272 conscripta

200 1315 222 1360 a
243 1295 357 1362 multis
378 1305 459 1380 sunt
479 1297 656 1381 diligenter
681 1304 717 1363 et
739 1303 818 1362 sunt
842 1293 1018 1369 humiliora
1043 1312 1144 1376 quam
1170 1291 1237 1370 illa,

139 1413 179 1464 10
199 1418 285 1484 quae
299 1421 322 1465 a
335 1400 432 1466 nobis
447 1400 635 1484 exspectari
655 1407 747 1482 puto.

247 1502 289 1569 V.
335 1513 384 1584 15.
428 1502 500 1568 Ati.
530 1501 648 1586 Atqui,
664 1503 693 1568 si
708 1499 846 1585 quaeris,
863 1521 926 1585 ego
941 1499 1021 1584 quid
1034 1507 1238 1583 exspectem,

200 1604 359 1689 quoniam
374 1605 534 1689 scriptum
549 1613 637 1684 esta
650 1614 686 1671 te
705 1604 748 1669 de
767 1604 897 1687 optimo
912 1605 958 1669 rei
972 1603 1125 1688 publicae
1139 1611 1240 1680 statu,
1333 1599 1335 1602 ’

200 1727 407 1792 consequens
433 1728 506 1773 esse
527 1708 660 1773 videtur
680 1716 719 1774 ut
737 1708 862 1774 scribas
875 1716 913 1774 tu
928 1708 1017 1772 idem
1032 1707 1076 1771 de
1090 1707 1239 1790 legibus:

199 1810 247 1876 sic
262 1811 352 1875 enim
367 1810 483 1876 fecisse
502 1811 601 1877 video
622 1811 801 1877 Platonem
826 1811 920 1877 illum
943 1820 1049 1889 tuum,
1074 1829 1173 1894 quem
1199 1818 1237 1874 tu

140 1925 177 1993 15
201 1912 383 1991 admiraris,
417 1934 518 1998 quem
543 1915 698 1981 omnibus
734 1915 919 1999 anteponis,
955 1934 1055 1998 quem
1090 1914 1239 1979 maxime

85 2031 88 2038 ’
150 2015 152 2020 ’
200 2015 319 2099 diligis
378 2015 430 2082 M.
466 2017 571 2082 Visne
595 2018 704 2102 igitur,
720 2027 758 2084 ut
783 2017 839 2083 ille
855 2018 955 2084 Crete
977 2038 1055 2084 cum
1070 2017 1179 2083 Clinia
1204 2025 1240 2082 et

199 2139 276 2184 cum
300 2119 566 2204 Lacedaemonio
588 2121 886 2220 Megillnagstivo
903 2141 1004 2205 quem
1029 2121 1074 2186 ad
1101 2120 1239 2186 modum

203 2302 289 2369 giving
309 2318 326 2353 a
346 2302 413 2368 legal
434 2301 538 2368 opinion
560 2301 633 2352 when
655 2302 802 2364 consulted3
826 2303 862 2364 (ι)
878 2301 1000 2354 roribus.
1022 2303 1176 2368 prescribing
1197 2301 1242 2353 the

203 2384 295 2434 proper
304 2367 371 2432 legal
382 2369 458 2418 lorms
470 2369 537 2432 (legis
546 2368 658 2429 actiones)
677 2368 716 2417 lor
732 2367 866 2433 particular
882 2368 1045 2434 proceedings
1054 2385 1063 2429 ς
1083 2370 1119 2432 (3)
1136 2381 1238 2419 navers.

237 2434 325 2499 ardlng
336 2433 401 2484 their
410 2433 498 2484 clients
508 2432 606 2498 against
616 2433 726 2497 possible
741 2434 792 2484 loss
808 2433 916 2500 through
931 2433 1065 2500 ignorance
1080 2435 1110 2486 ol
1123 2433 1165 2484 the
1181 2433 1239 2496 law,

203 2449 264 2560 gez·
275 2499 328 2548 also
339 2497 432 2562 Long’s
443 2506 502 2548 note
512 2513 545 2548 on
557 2499 608 2548 Pro
619 2499 737 2558 Murena,
751 2514 790 2563 cp.
806 2499 866 2560 lib).

267 2563 388 2613 universi
397 2563 472 2613 iuris.
508 2563 578 2624 Low,
591 2563 618 2612 in
629 2563 672 2613 the
682 2564 771 2614 widest
781 2579 852 2614 sense
864 2563 893 2614 of
901 2563 943 2614 the
954 2563 1031 2626 word,
1046 2579 1106 2630 opp.
1120 2569 1147 2614 lo
1160 2561 1243 2614 civile

205 2627 276 2691 quod
286 2631 390 2688 vooant,
404 2629 421 2677 i.
435 2645 452 2678 e.
468 2627 511 2678 the
520 2627 597 2677 forms
608 2629 659 2677 and
669 2644 698 2679 us
730 2644 745 2678 ε
756 2628 785 2679 ol
793 2628 835 2679 the
845 2628 895 2679 law
905 2637 994 2680 courts

268 2692 512 2754 populopraesinra
536 2694 592 2743 “sc.
606 2692 649 2742 lus
660 2693 686 2742 ol
725 2707 748 2754 s,
762 2695 899 2744 incarrere
908 2699 938 2744 ut
939 2695 986 2758 jus
996 2695 1041 2745 civ.
1052 2694 1180 2759 siquando
1192 2694 1244 2742 eius

204 2773 265 2807 usin
274 2759 314 2818 sit,
321 2759 412 2822 populo
421 2759 455 2807 sit
458 2763 587 2822 paratum.
592 2756 607 2782 ''
626 2759 761 2824 Feldnogel.
784 2758 835 2808 For
845 2759 895 2809 this
905 2775 950 2809 use
960 2758 1153 2824 oipraestore=
1162 2775 1246 2808 caven

205 2830 236 2872 ut
244 2823 283 2884 sit,
297 2822 329 2873 he
339 2838 396 2873 com
479 2823 595 2872 adAttic.
610 2835 637 2874 x.
651 2823 684 2873 iv.
700 2833 733 2888 5.,
744 2824 780 2872 ad
785 2824 857 2875 Fam.
872 2836 915 2876 111.
929 2842 953 2874 x.
968 2837 991 2888 3.
1026 2824 1120 2875 Darios
1139 2823 1245 2874 defends

205 2888 249 2938 the
258 2904 283 2939 v.
296 2889 314 2940 1.
328 2901 362 2950 po
407 2900 462 2949 um,
475 2888 619 2953 explaining
629 2887 687 2938 thus
701 2891 771 2954 “qui
778 2889 905 2952 populum
915 2891 1041 2952 praedm,
1062 2891 1085 2940 is
1102 2891 1154 2940 eius
1171 2891 1246 2954 quasi

205 2967 282 3016 praes
292 2960 331 3015 est,
346 2954 466 3018 illumque
468 2954 577 3018 periculo
586 2951 698 3003 liberat?
738 3005 740 3012 Α

269 3020 300 3069 tn
311 3018 470 3082 sognitione.
507 3018 620 3083 Madvig,
645 3018 722 3069 Klotz
742 3018 793 3068 and
814 3019 905 3070 others.
952 3031 1011 3070 MSS.
1030 3019 1095 3070 have
1111 3018 1245 3081 incogniti

205 3083 239 3135 do
248 3084 324 3136 tenui
335 3087 384 3136 est.
420 3083 499 3133 Halm
511 3083 663 3147 conjectures
672 3086 705 3132 ut
715 3096 770 3146 ως.
784 3086 841 3137 iou.
860 3086 912 3146 esd,
931 3084 972 3134 iis
985 3097 1043 3136 usu.
1060 3084 1246 3148 “theoretically

205 3151 375 3216 unimportant
392 3151 437 3200 but
454 3149 598 3214 practically
615 3148 825 3214 indispensable.¹’
858 3149 888 3200 ld
906 3149 935 3200 of
950 3166 1037 3202 course
1055 3149 1131 3202 refers
1150 3158 1177 3200 to
1195 3149 1246 3204 this

205 3215 302 3265 limited
314 3231 385 3266 sense
396 3214 425 3264 of
432 3215 475 3265 the
485 3214 529 3264 lus
539 3213 626 3264 civile.

271 3279 476 3332 stillicidiorum.
497 3295 536 3344 cp.
552 3291 583 3329 11.
596 3281 617 3340 §.
631 3288 682 3341 47„
691 3287 741 3343 pro
751 3281 862 3330 Murena
873 3291 911 3332 lx.
926 3291 965 3332 22.
980 3281 1021 3332 ille
1038 3285 1101 3332 tend
1116 3285 1139 3330 et
1155 3280 1201 3330 scit
1216 3287 1248 3330 ut

207 3345 312 3405 hostium
322 3347 421 3410 copam
436 3352 465 3395 tu
476 3352 506 3395 ut
514 3360 592 3409 aquae
596 3345 700 3409 pluviae
707 3352 847 3396 arceantur.

272 3423 308 3459 an
318 3411 466 3460 ut...Moser
477 3411 526 3460 and
539 3410 638 3461 Ernesti
648 3411 708 3461 read
718 3413 767 3460 out
776 3413 808 3460 ut
825 3413 877 3474 (see
893 3410 1006 3476 Madvig,
1025 3411 1057 3462 L.
1079 3411 1108 3462 G.
1121 3411 1144 3472 ἕ.
1156 3410 1246 3475 453.);

207 3474 261 3525 also
273 3488 289 3525 a
299 3474 374 3524 vobis
385 3475 423 3524 lor
434 3489 451 3524 a
460 3475 544 3525 nobis.

272 3539 293 3598 ἓ.
316 3549 353 3604 15.
371 3541 403 3590 ut
418 3539 472 3590 ille.
519 3540 650 3591 Turnebus
666 3539 777 3590 remarks
792 3539 846 3590 that
863 3540 954 3591 Cicero
970 3556 1080 3592 assumes
1098 3540 1153 3591 that
1173 3539 1247 3590 Plato

207 3605 310 3656 himself
323 3605 344 3654 is
366 3604 408 3654 the
426 3604 578 3656 “Athenian
595 3605 769 3672 stronger,”to
780 3605 863 3656 whom
883 3606 926 3656 the
943 3607 1067 3672 principal
1084 3613 1140 3672 part
1159 3605 1186 3656 in
1202 3605 1247 3656 the

207 3671 325 3736 dialogue
335 3670 357 3720 is
367 3670 490 3734 assigned.

273 3735 543 3786 aestivo-insistens.
580 3735 661 3798 Plato,
676 3737 746 3800 legg.
762 3746 781 3786 1.
795 3734 853 3798 625,
866 3735 896 3786 B.
910 3736 951 3786 nol
962 3736 1010 3797 μὴν
1020 3737 1074 3786 ἔστι
1084 3753 1124 3798 γε,
1145 3736 1164 3785 ὣ
1183 3735 1243 3796 ξένε,

207 3802 313 3868 προϊόντι
324 3802 478 3865 κυπαρίττων
487 3817 515 3850 τε
526 3801 551 3850 ἐν
561 3803 611 3851 τοῖς
623 3801 725 3850 ἄλσεσιν
736 3801 786 3864 ὕψη
794 3802 834 3850 καὶ
846 3801 927 3861 κάλλη
939 3803 1071 3864 iniuncta,
1083 3803 1122 3852 καὶ
1134 3802 1249 3861 λειμῶνες

207 3871 232 3918 ἐν
243 3869 304 3917 οἶσιν
314 3867 490 3926 ἀναπαυόμενοι
501 3867 663 3930 διατρίβοιμεν
674 3867 709 3915 ἄν.
