2754 4322
418 305 420 312 ’
507 359 578 424 os
613 356 842 426 castaus.
946 309 948 316 '
1128 370 1170 436 ι)

131 517 296 598 describit,
311 517 367 608 di5
381 518 415 586 in
431 519 628 603 cupressetis
643 517 844 584 Gnosiorum
860 524 896 583 et
915 513 1033 601 spatiis
1054 513 1168 580 silves-

131 621 245 701 tribus,
286 621 402 690 crebro
442 623 608 701 insistens,
649 622 816 689 interdum
842 619 1082 704 adquiescens,
1124 617 1168 682 de

132 725 291 791 institutis
331 746 441 790 rerum
481 725 688 809 publicarum
724 745 765 790 ac
801 725 847 790 de
874 722 1010 808 optimis
1038 721 1168 806 legibus

130 827 323 912 disputavit,
341 828 389 894 sic
415 848 477 894 nos
502 829 589 895 inter
609 827 672 910 has
697 828 942 926 pocerissimas
967 824 1110 915 ppoulos
1134 824 1168 888 in

28 993 33 998 .
130 931 227 996 viridi
255 951 428 1016 opacaque
456 931 529 1015 ripa
557 930 810 1009 inambulantes,
847 940 920 996 turn
946 933 1060 1016 autem
1090 928 1169 992 resi·
1214 939 1230 1008 5

131 1034 259 1113 dentes,
297 1054 495 1118 quaeramus
533 1034 640 1100 isdem
680 1034 724 1114 de
757 1034 855 1099 rebus
884 1033 1010 1117 aliquid
1036 1032 1169 1097 uberius

132 1158 234 1221 quam
264 1137 403 1203 rorensis
432 1157 511 1204 usus
540 1136 731 1203 desiderat?
785 1134 834 1204 16.
882 1136 955 1202 Art.
992 1136 1069 1219 Ego
1089 1154 1169 1200 vero

131 1241 197 1306 ista
211 1239 327 1308 audire
351 1240 458 1325 cupio.
500 1240 552 1307 M.
590 1240 681 1326 Quid
705 1238 753 1307 ait
775 1239 949 1324 Quintus?
992 1237 1029 1320 Q.
1067 1237 1170 1302 Nulla

132 1343 176 1417 de
214 1363 251 1406 re
291 1343 406 1443 magis.
463 1343 529 1410 M..
564 1345 612 1410 Et
652 1353 742 1410 recte
769 1338 926 1428 quidem.
991 1317 1171 1407 Nam-sie

131 1443 301 1523 habetote,
338 1446 367 1510 si
404 1445 472 1511 ullo
501 1447 536 1512 in
565 1467 687 1530 genere
715 1445 918 1530 disputandi,
949 1445 983 1509 in
1012 1444 1077 1509 hoc
1090 1444 1169 1512 ‚ista
1196 1458 1236 1509 10

133 1547 293 1631 patefieri,
308 1548 389 1632 quid
403 1551 448 1614 sit
470 1549 599 1614 homini
622 1571 648 1616 a,
667 1559 786 1616 natura
811 1549 982 1626 tributum,
1008 1556 1169 1632 quantam

133 1651 202 1716 vim
223 1671 331 1716 rerum
354 1654 556 1737 optimarum
579 1674 674 1719 mens
699 1654 847 1719 humana
872 1653 1051 1730 contineat,
1077 1651 1170 1745 cujus

134 1755 279 1820 muneris
293 1754 423 1821 colendi
438 1757 667 1840 efficiendique
681 1760 794 1823 causi'
796 1756 866 1822 nati
878 1764 913 1821 et
923 1757 957 1821 in
969 1755 1078 1820 lucem
1089 1754 1171 1819 editi

132 1845 246 1937 simuS,
276 1879 363 1943 quae
392 1860 436 1926 sit
464 1861 654 1925 coniunctio
682 1823 865 1938 ho‘niinum,
895 1880 983 1945 quae
1012 1858 1170 1924 naturalis

132 1962 274 2027 societas
289 1964 376 2028 inter
390 1963 500 2047 ipsos:
528 1963 581 2028 his
596 1965 684 2028 enim
700 1962 876 2049 explicatis
897 1963 972 2029 sons
997 1962 1109 2047 legum
1136 1969 1171 2026 et

133 2065 211 2130 iuris
231 2066 369 2131 inveniri
393 2074 514 2150 potest.
561 2076 608 2148 17.
642 2067 715 2132 Art.
753 2069 833 2132 Non
858 2087 939 2150 ergo
964 2087 985 2130 a
1009 2066 1170 2150 praetoris

132 2168 253 2247 edict0,
283 2177 321 2238 ut
349 2168 499 2253 plerique
528 2190 625 2248 nunc,
652 2191 761 2254 neque
785 2191 808 2235 a
836 2169 1013 2236 duodecim
1038 2167 1170 2245 tabulis,

133 2279 172 2336 ut
185 2273 379 2355 superiores,
395 2274 455 2337 sed
471 2273 603 2356 penitus
618 2293 663 2338 ex
689 2274 807 2338 intima
829 2272 1040 2358 philosophia
1062 2271 1172 2336 hauri-

133 2373 256 2438 endam
285 2375 364 2439 iuris
394 2375 603 2460 disciplinam
632 2385 739 2461 putas.
793 2375 846 2441 M.
894 2377 974 2441 Non
1012 2375 1101 2438 enirn
1136 2373 1171 2437 id

134 2475 324 2559 quaerimus
352 2476 417 2542 hoc
445 2499 607 2556 sermone,
639 2480 811 2564 Pomponi,
837 2478 1007 2564 quemad
1033 2476 1171 2542 modum
1195 2491 1238 2540 20

133 2599 311 2644 caveamus
340 2581 374 2645 in
404 2582 474 2646 iure
503 2590 562 2646 aut
591 2583 672 2666 quid
702 2583 746 2648 de
770 2603 904 2667 quaque
928 2581 1172 2647 consultatione

134 2684 403 2767 respondeamus.
450 2684 503 2750 Sit
529 2686 594 2750 ista
623 2706 674 2751 res
705 2707 837 2770 magna,
866 2686 953 2750 sicut
987 2693 1047 2763 est,
1086 2689 1183 2768 quae

134 2787 305 2870 quondam
334 2809 355 2852 a
384 2788 497 2854 multis
526 2789 622 2854 claris
651 2790 737 2868 viris,
768 2810 856 2855 nunc
881 2790 926 2855 ab
948 2810 1015 2855 uno
1040 2808 1173 2854 summa

199 2987 274 3045 §.1⁸.
310 2984 411 3037 nullo.
443 2986 506 3036 This
524 2988 545 3038 is
565 2986 665 3038 Halm’s
681 2988 829 3052 conjecture,
849 2990 959 3054 adopted
973 2990 1008 3054 by
1027 2989 1104 3038 Klotz
1122 2986 1173 3036 and

135 3050 226 3101 others.
263 3052 317 3102 The
329 3052 386 3102 best
397 3064 455 3103 iuss.
481 3053 544 3103 have
556 3053 631 3102 nullo
646 3053 678 3102 in
693 3067 790 3116 genero
808 3053 967 3116 disputando
987 3055 1059 3114 (corr.
1082 3052 1173 3112 dispu-

135 3115 222 3176 tandi)
239 3115 360 3167 honesta.
398 3118 499 3184 Vulgote
514 3117 589 3168 nullo
610 3117 641 3167 ln
662 3132 758 3180 gauere
779 3119 934 3181 disputandi
955 3118 1041 3180 magis
1061 3117 1173 3166 honeste

135 3180 264 3244 patefieri.
300 3182 399 3232 Vahlen
415 3183 562 3248 dri-portando
573 3191 642 3248 posse
658 3187 701 3234 ita.
718 3216 719 3222 ,
737 3184 808 3246 Bake
827 3185 939 3235 remarks
958 3183 1011 3234 that
1030 3181 1176 3248 disputandi

134 3247 196 3296 bere
208 3247 459 3313 =ptilosoptooecp
479 3250 499 3308 ἓ.
520 3248 560 3312 36.
580 3250 631 3299 III.
650 3251 671 3310 5.
693 3262 730 3312 14.
750 3266 777 3299 n.

201 3311 305 3362 homini
315 3326 333 3362 a
343 3315 449 3363 nature.
483 3314 563 3363 Halm
579 3314 654 3364 omits
670 3314 713 3364 the
729 3314 884 3379 proposition
902 3313 961 3364 here
977 3314 1027 3364 and
1044 3313 1071 3363 in
1087 3314 1108 3374 ἓ.
1130 3323 1171 3377 33.

42 3403 43 3407 =
136 3377 190 3438 but,
201 3393 229 3428 as
239 3377 327 3428 Feldh.
340 3394 403 3442 says,
414 3379 518 3429 Natura
529 3379 550 3428 is
561 3379 644 3430 rather
653 3395 687 3428 nn
697 3387 771 3444 agent
780 3381 840 3430 than
851 3394 867 3428 a
877 3395 954 3439 came,
968 3380 1020 3440 (see
1032 3381 1052 3440 5.
1070 3377 1107 3430 18.
1121 3379 1169 3440 η.)

137 3442 206 3492 Bake
218 3444 313 3493 notices
324 3443 378 3493 that
389 3444 459 3494 these
470 3445 596 3510 questions
608 3444 683 3506 (quid
692 3444 854 3506 sit-ipsos)
869 3459 911 3494 are
923 3447 1049 3496 answered
1062 3447 1098 3507 (1)
1109 3442 1175 3506 qnid

136 3505 174 3556 sir
184 3507 211 3558 h.
226 3510 277 3559 ost.
301 3509 329 3557 in
340 3524 361 3558 c.
377 3521 428 3560 vn.
442 3525 480 3576 sq.
495 3511 568 3570 (ratr'o
578 3517 601 3560 ct
610 3511 728 3576 cogitatio)
735 3527 746 3574 3
769 3511 805 3570 (2)
821 3511 950 3571 quantam
959 3509 1017 3560 vim
1028 3513 1077 3562 ost.
1091 3527 1113 3562 c.
1131 3521 1170 3559 IX.

136 3573 274 3633 (inchoatae
282 3574 486 3638 intelligentioect
500 3576 594 3624 semina
611 3576 774 3637 virtutum.);
800 3575 836 3638 (3)
856 3573 932 3624 ouius
951 3576 1069 3626 muneris
1084 3579 1134 3627 osb.
1148 3589 1170 3624 c.

137 3649 189 3689 ΧΠ.
204 3640 250 3700 (ad
290 3639 569 3716 rticipondum...ius.);
586 3641 622 3704 (4)
639 3653 707 3703 quas
718 3653 744 3690 u
758 3639 878 3691 societas
893 3641 919 3690 in
930 3657 987 3707 epp.
1001 3654 1028 3692 ru
1042 3659 1091 3708 sqq.

200 3705 221 3764 ἓ,
236 3706 251 3753 1
269 3740 275 3754 .
312 3704 407 3755 soom.
442 3720 481 3770 cp.
498 3705 549 3755 III.
563 3707 583 3766 5.
599 3705 622 3755 8.
637 3721 663 3755 n.
678 3705 757 3766 (Dici.
771 3705 833 3755 Ant.
846 3709 950 3757 Praetor
959 3708 1100 3770 urbanus).

201 3769 356 3831 superiores.
392 3786 410 3820 e.
421 3786 446 3835 g.
468 3770 494 3820 S.
515 3770 597 3822 AElius
609 3770 658 3820 and
670 3770 700 3820 L.
715 3769 812 3820 Acilius
824 3772 860 3821 11.
874 3774 895 3833 5.
910 3782 950 3838 59.

201 3833 232 3882 in
242 3835 308 3884 iure.
334 3834 376 3884 the
388 3835 510 3885 technical
521 3843 585 3885 term
596 3836 634 3887 ior
648 3836 835 3902 “proceedings
846 3837 930 3889 before
945 3839 988 3889 the
1005 3839 1107 3890 Praetor
1114 3835 1130 3864 ’'
1148 3854 1175 3890 as

136 3897 318 3964 distinguished
329 3899 392 3950 from
403 3899 434 3950 in
447 3899 555 3961 iudicio,
569 3903 586 3952 i.
599 3918 618 3952 e.
636 3901 654 3927 ¹‘
662 3901 746 3952 besore
756 3901 798 3953 the
809 3901 912 3954 tuom.
943 3937 949 3943 -

201 3978 262 4015 uno.
299 3965 344 4015 viz.
370 3965 397 4016 S.
417 3965 543 4030 Sulpicius
563 3967 643 4016 Rufus
655 3967 723 4028 (Cos.
742 3967 771 4018 U.
789 3968 816 4020 C.
833 3969 909 4032 703.).
923 3983 962 4033 cp.
977 3969 1051 4020 Brut.
1067 3983 1088 4020 c.
1103 3981 1160 4021 xm.
