2818 4320
245 310 289 391 96
644 305 821 376 CICERO

246 469 369 534 utitur:
391 467 540 533 redditur
561 469 649 532 enim
671 477 777 533 terrae
799 488 919 552 corpus
946 475 981 532 et
1004 466 1051 532 ita
1074 467 1220 531 locatum
1244 485 1284 530 ac

244 571 345 635 situm
370 572 465 654 quasi
489 571 695 654 operimento
718 572 833 636 matris
855 571 1039 635 obducitur.
1084 570 1284 651 Eodemque
1310 577 1313 586 ’

245 675 310 738 ritu
325 675 359 737 in
374 693 416 737 eo
431 672 605 757 sepulchro
620 675 711 758 quod
725 674 816 738 haud
839 673 955 758 procul
978 694 999 738 a
1018 673 1134 737 Fontis
1149 693 1208 736 ara
1222 681 1283 748 est,

243 797 356 860 regem
375 785 525 841 nostrum
549 778 697 843 Numam
720 777 892 842 conditum
919 777 1107 860 accepimus
1131 784 1283 859 gentem·

203 893 312 964 sque
352 878 540 945 Corneliam
577 900 683 962 usque
718 880 761 943 ad
799 881 994 944 memoriam
1032 888 1180 943 nostram
1218 877 1283 942 hac

244 982 413 1067 sepultura
443 983 565 1048 scimus
590 1003 662 1047 esse
688 1003 794 1047 usam.
840 983 877 1048 C.
904 983 990 1047 Mari
1016 983 1097 1047 sitas
1127 980 1284 1064 reliquias

245 1087 336 1170 apud
363 1085 530 1151 Anienem
554 1086 706 1170 dissipari
732 1086 826 1151 iussit
852 1085 945 1152 Sulla
966 1087 1086 1162 victor,
1115 1085 1284 1149 acerbiore

245 1190 325 1254 odio
346 1191 510 1266 incitatus,
527 1210 628 1274 quam
650 1190 683 1253 si
707 1199 776 1254 tum
799 1190 931 1272 sapiens
955 1189 1071 1254 fuisset
1096 1208 1197 1271 quam
1221 1187 1284 1252 luit
1372 1207 1375 1214 ’

244 1293 432 1359 vehemens.
498 1302 548 1374 57.
594 1291 696 1376 Quod
721 1291 811 1356 haud
837 1293 907 1357 scio
935 1313 978 1355 an
1004 1293 1127 1357 timens
1153 1312 1196 1355 ne
1222 1312 1284 1355 suo
1327 1297 1331 1308 '

185 1413 225 1462 10
245 1398 375 1481 corpori
390 1405 504 1480 posset
519 1397 676 1474 accidere,
693 1397 818 1480 primus
833 1417 853 1460 e
867 1397 1012 1479 patriciis
1031 1394 1191 1461 Corneliis
1215 1395 1283 1478 igni

245 1500 350 1565 voluit
379 1500 525 1564 cremari.
570 1499 728 1564 Declarat
757 1500 845 1564 enim
877 1499 1006 1564 Ennius
1024 1499 1075 1563 ·de
1101 1497 1284 1562 Africano:
1384 1505 1385 1508 ’

248 1608 337 1675 ‘Hic
358 1613 417 1674 est
441 1607 499 1674 ille
523 1606 635 1674 situs:
679 1602 767 1667 Vere
779 1621 788 1682 3
817 1622 896 1666 nam
918 1603 972 1667 siti
996 1603 1150 1666 dicuntur
1172 1602 1203 1678 ii,
1227 1602 1285 1684 qui

246 1707 371 1772 conditi
393 1716 479 1771 sunt.
524 1707 597 1771 Nec
612 1714 726 1770 tamen
748 1725 863 1770 eorum
886 1713 964 1769 ante
986 1703 1198 1788 sepulchrum
1223 1712 1284 1780 est,

245 1829 347 1893 quam
363 1810 449 1873 iusta
463 1808 551 1873 facta
566 1817 601 1873 et
623 1829 742 1892 porcus
765 1828 881 1872 caesus
906 1816 964 1872 est
1010 1808 1058 1871 Et
1079 1807 1170 1891 quod
1195 1828 1286 1871 nunc

185 1926 221 1995 15
246 1914 466 1977 communiter
488 1912 521 1975 in
545 1912 699 1976 omnibus
725 1909 864 1993 sepultis
882 1930 950 1974 usu
974 1912 1074 1987 venit,
1094 1919 1131 1975 ut
1151 1909 1285 1974 humati
1339 1931 1342 1940 ¹

169 2009 174 2020 ’
246 2017 407 2092 dicantur,
437 2015 472 2079 id
501 2022 574 2079 erat
601 2015 772 2099 proprium
802 2022 874 2078 tum
904 2014 939 2077 in
969 2014 1017 2091 iis,
1047 2034 1131 2097 quos
1159 2013 1284 2079 humus

246 2119 367 2183 iniecta
407 2126 612 2196 contexerat,
651 2136 794 2199 eumque
834 2136 961 2181 morem
1002 2117 1053 2182 ius
1092 2117 1284 2201 pontificale

245 2357 312 2409 ἀλλὰ
330 2356 363 2419 τῇ
380 2355 417 2419 γῇ
434 2357 465 2406 ὡς
480 2356 591 2418 τάχιοτα
611 2354 716 2405 ἀπόδοτε
735 2371 757 2405 rt.
779 2373 804 2404 τ.
824 2357 849 2405 λ.
876 2355 1021 2420 (Cyropaed.
1045 2367 1109 2405 vm.
1136 2357 1172 2417 7.)
1212 2355 1284 2406 Bake

245 2439 375 2488 compotes
392 2423 473 2482 Plato,
491 2423 590 2472 Mem.
604 2430 660 2484 237.
676 2421 706 2470 C.
720 2422 760 2470 udi
777 2422 817 2470 riu
831 2421 929 2470 κεῖσθαι
943 2421 1138 2480 τελευτήσαντας
1148 2423 1174 2470 ἐν
1190 2423 1284 2472 οἰκείοις

244 2490 328 2604 thorat
337 2490 380 2602 τῆί
390 2489 511 2614 necuim
516 2488 556 2570 ital
568 2487 691 2550 θρεψάσης
702 2487 742 2535 καὶ
759 2486 940 2546 ὑποδεξαμένης.
975 2501 1014 2550 ορ.
1030 2485 1141 2551 AEschyl.
1155 2487 1206 2551 Ag.
1220 2485 1277 2550 872

283 2572 295 2604 ο
323 2570 333 2602 ς
380 2569 449 2602 aaron
477 2570 493 2600 ο
513 2568 548 2601 ων.

224 2573 266 2647 -χ
310 2569 381 2678 οαξᾱ
396 2617 469 2665 haud
484 2615 583 2678 procul.
620 2626 679 2665 mss.
700 2615 763 2665 omit
781 2615 858 2665 haud.
893 2615 954 2666 Acc.
974 2623 1001 2665 to
1018 2615 1089 2680 Livy,
1109 2627 1154 2668 XL.
1169 2629 1209 2678 29.
1229 2617 1281 2667 and

247 2681 365 2734 Plutarch
376 2681 482 2743 (Numa,
496 2682 589 2741 xxm),
609 2680 694 2730 Numa
704 2696 755 2730 was
771 2680 859 2730 buried
877 2680 904 2730 in
919 2681 961 2730 the
971 2679 1120 2746 Janicnlnm.
1157 2682 1196 2731 As
1213 2682 1284 2732 there

247 2763 299 2798 was
316 2763 332 2796 a
350 2747 435 2796 Fontis
450 2745 578 2795 delubrum
595 2761 655 2794 near
674 2746 716 2795 the
732 2751 807 2808 porra
828 2746 926 2809 Capena
938 2746 1062 2811 (Juvenal,
1084 2749 1135 2797 Sat.
1159 2758 1203 2796 111.
1231 2748 1280 2807 11),

247 2813 359 2877 Wagner
375 2810 439 2875 conj.
458 2811 533 2860 Fonti
549 2810 587 2871 (fr.
607 2810 709 2860 Pontus
728 2825 775 2860 son
793 2809 823 2860 ol
833 2810 930 2874 Janus).
967 2811 1056 2862 Feldh.
1076 2811 1209 2862 maintains
1228 2812 1283 2862 that

246 2879 290 2932 the
300 2891 375 2927 name
385 2875 413 2926 oi
421 2876 463 2925 the
474 2875 543 2939 deity
553 2890 604 2924 was
616 2875 691 2934 Fons,
705 2874 782 2940 citing
793 2875 864 2940 Livy,
879 2881 965 2926 xxxv,
982 2889 1019 2926 10.

311 2941 450 2992 Anicnm.
487 2941 581 3001 Lucan,
605 2939 722 2988 Pkarsal.
747 2951 765 2989 1.
789 2938 844 3003 582.
878 2941 1082 3008 “Tollentemque
1103 2948 1177 3006 caput
1188 2941 1284 3006 gdidas

247 3008 355 3061 Anienis
370 3006 406 3056 ad
422 3006 504 3055 undas
520 3004 651 3070 Agruolae
658 3005 744 3068 fracto
760 3005 876 3056 Murrum
893 3007 975 3056 vr'dere
989 3008 1022 3069 (v.
1036 3007 1138 3070 meare)
1148 3004 1283 3072 sepulcro.’‘
1386 3050 1387 3058 ,

249 3092 289 3142 ep.
304 3073 367 3124 Plin.
383 3072 418 3122 H.
432 3072 468 3122 N.
483 3081 533 3120 vu.
549 3079 587 3134 55.
602 3069 712 3120 Tumeb.
1386 3069 1387 3092 ¹

313 3151 393 3202 quam
411 3135 436 3186 u
451 3137 515 3186 tom.
554 3136 594 3184 “r'.
609 3151 716 3210 aquam
733 3134 849 3210 incitatus
895 3136 955 3197 uret,
976 3138 1067 3187 sitam
1086 3153 1114 3186 sa
1136 3137 1141 3148 ’
1169 3153 1182 3186 ς
1192 3137 1285 3201 ficisset

245 3203 351 3336 llmqunllli
361 3203 501 3332 fffdlulldbd
512 3199 623 3316 llamtllll’
637 3207 832 3316 ankapuffl
847 3207 901 3316 lhaet
911 3202 1146 3318 bllsilrtolisllasHlike
1162 3209 1285 3328 ἓξὲξ

246 3351 362 3386 sumame
373 3333 402 3384 of
409 3333 452 3384 the
463 3331 584 3391 Dictator,
598 3346 637 3396 cp.
651 3331 708 3396 Leg.
721 3331 815 3380 Manu.
829 3341 868 3380 xl.
883 3343 923 3394 30.

313 3401 334 3460 5.
356 3399 397 3449 57.
433 3398 532 3448 timens
542 3397 705 3458 rao—posset.
738 3407 796 3446 uss
810 3396 872 3446 omit
883 3413 937 3448 na,
956 3397 1041 3447 Moser
1051 3397 1282 3459 readmoneat&

248 3465 311 3514 Med
330 3464 335 3475 ‘
355 3501 362 3524 ,
383 3465 414 3513 L.
439 3465 468 3513 G.
490 3465 511 3524 §-
533 3461 610 3525 376.).
640 3461 771 3512 Turnebus
790 3461 901 3512 remarks
923 3461 976 3512 that
994 3463 1086 3513 inlants
1107 3463 1158 3513 and
1179 3479 1284 3528 persons

247 3529 327 3580 killed
356 3545 372 3593 y
382 3527 506 3593 lightning
516 3543 581 3578 were
591 3533 637 3576 not
643 3527 775 3586 cremated,
789 3542 828 3592 cp.
840 3526 955 3590 Juvenal,
968 3529 1020 3577 Sat
1025 3539 1071 3578 xv.
1088 3539 1141 3591 139.

196 3647 197 3652 ,
314 3593 367 3642 Hic
377 3595 424 3642 est.
455 3592 564 3643 Tumeb.
578 3599 665 3657 quotes
684 3593 786 3653 Seneca,
802 3592 995 3656 (Ep.xvl11.r.
1012 3591 1079 3654 108.)
1096 3593 1123 3643 in
1139 3592 1224 3643 which
1241 3593 1284 3644 the

248 3659 340 3710 distich
357 3658 378 3708 is
397 3658 558 3734 completedr
588 3659 664 3708 “Hic
681 3663 715 3706 art
733 3658 774 3706 ille
790 3658 852 3708 situs
869 3658 928 3722 quoi
947 3674 1017 3708 nemo
1034 3659 1095 3708 ciuis
1116 3673 1192 3723 mque
1210 3660 1285 3710 dostr's

251 3725 337 3788 Quivit
338 3731 387 3788 pro
388 3723 467 3786 factis
478 3722 571 3772 reddere
581 3723 785 3787 operaepretium.
790 3719 804 3743 ’³

277 3840 280 3845 ,
312 3799 406 3852 porous
416 3799 515 3838 aestua
534 3803 566 3838 an
582 3788 741 3840 emendation
751 3787 780 3838 ol
788 3786 928 3838 Luebbert:
939 3799 997 3838 uss
1012 3787 1077 3840 have
1086 3795 1175 3853 corpus
1189 3805 1280 3840 caum.

247 3857 318 3922 cp.§.
333 3862 372 3919 55.
409 3851 488 3902 Halm
498 3868 580 3902 caestu
589 3852 633 3903 nr.
664 3853 740 3916 (Key,
749 3853 780 3903 L.
796 3853 839 3904 Gr.
857 3853 940 3915 1231.)
