<?xml version="1.0" encoding="UTF-8"?>
<!DOCTYPE html PUBLIC "-//W3C//DTD XHTML 1.0 Transitional//EN"
    "http://www.w3.org/TR/xhtml1/DTD/xhtml1-transitional.dtd">
<html xmlns="http://www.w3.org/1999/xhtml" xml:lang="en" lang="en">
 <head>
  <title>
</title>
<meta http-equiv="Content-Type" content="text/html;charset=utf-8" />
  <meta name='ocr-system' content='tesseract 3.04.00' />
  <meta name='ocr-capabilities' content='ocr_page ocr_carea ocr_par ocr_line ocrx_word'/>
</head>
<body>
  <div class='ocr_page' id='page_1' title='image "./delegibuslibrit00peargoog_0161.png"; bbox 0 0 2818 4320; ppageno 0'>
   <div class='ocr_carea' id='block_1_1' title="bbox 233 279 806 374">
    <p class='ocr_par' dir='ltr' id='par_1_1' title="bbox 233 279 806 374">
     <span class='ocr_line' id='line_1_1' title="bbox 233 279 806 374; baseline 0.003 -18"><span class='ocrx_word' id='word_1_1' title='bbox 233 307 295 374; x_wconf 89' lang='lat'>144</span> <span class='ocrx_word' id='word_1_2' title='bbox 628 279 806 358; x_wconf 83' lang='lat' dir='ltr'><em>CICERO</em></span> 
     </span>
    </p>
   </div>
   <div class='ocr_carea' id='block_1_2' title="bbox 231 399 1267 640">
    <p class='ocr_par' dir='ltr' id='par_1_2' title="bbox 231 399 1267 640">
     <span class='ocr_line' id='line_1_2' title="bbox 231 399 1267 538; baseline -0.001 -20"><span class='ocrx_word' id='word_1_3' title='bbox 231 472 333 536; x_wconf 88' lang='lat' dir='ltr'>saepe</span> <span class='ocrx_word' id='word_1_4' title='bbox 356 471 456 536; x_wconf 88' lang='lat' dir='ltr'>opem</span> <span class='ocrx_word' id='word_1_5' title='bbox 471 453 517 516; x_wconf 89' lang='lat' dir='ltr'>rei</span> <span class='ocrx_word' id='word_1_6' title='bbox 542 450 694 536; x_wconf 89' lang='lat' dir='ltr'>publicae</span> <span class='ocrx_word' id='word_1_7' title='bbox 708 453 792 518; x_wconf 81' lang='lat' dir='ltr'>serre</span> <span class='ocrx_word' id='word_1_8' title='bbox 817 419 933 538; x_wconf 86' lang='lat' dir='ltr'>possit.</span> <span class='ocrx_word' id='word_1_9' title='bbox 975 399 1109 518; x_wconf 85' lang='lat' dir='ltr'>l)einde</span> <span class='ocrx_word' id='word_1_10' title='bbox 1132 451 1176 517; x_wconf 94' lang='lat' dir='ltr'>de</span> <span class='ocrx_word' id='word_1_11' title='bbox 1191 473 1267 536; x_wconf 92' lang='lat' dir='ltr'>pro-</span> 
     </span>
     <span class='ocr_line' id='line_1_3' title="bbox 231 554 1265 640; baseline 0.002 -22"><span class='ocrx_word' id='word_1_12' title='bbox 231 554 443 639; x_wconf 85' lang='lat' dir='ltr'>mulgatione,</span> <span class='ocrx_word' id='word_1_13' title='bbox 481 554 524 619; x_wconf 91' lang='lat' dir='ltr'>de</span> <span class='ocrx_word' id='word_1_14' title='bbox 559 556 697 639; x_wconf 91' lang='lat' dir='ltr'>singulis</span> <span class='ocrx_word' id='word_1_15' title='bbox 733 556 831 621; x_wconf 88' lang='lat' dir='ltr'>rebus</span> <span class='ocrx_word' id='word_1_16' title='bbox 868 555 1015 640; x_wconf 85' lang='lat' dir='ltr'>agendis,</span> <span class='ocrx_word' id='word_1_17' title='bbox 1052 557 1095 620; x_wconf 90' lang='lat' dir='ltr'>de</span> <span class='ocrx_word' id='word_1_18' title='bbox 1128 557 1265 640; x_wconf 89' lang='lat' dir='ltr'>privatis</span> 
     </span>
    </p>
   </div>
   <div class='ocr_carea' id='block_1_3' title="bbox 163 659 1267 832">
    <p class='ocr_par' dir='ltr' id='par_1_3' title="bbox 163 659 1267 832">
     <span class='ocr_line' id='line_1_4' title="bbox 232 659 724 742; baseline 0.002 -20"><span class='ocrx_word' id='word_1_19' title='bbox 232 659 520 742; x_wconf 87' lang='lat' dir='ltr'>magistratibusve</span> <span class='ocrx_word' id='word_1_20' title='bbox 542 659 724 724; x_wconf 80' lang='lat' dir='ltr'>audiendis</span> 
     </span>
     <span class='ocr_line' id='line_1_5' title="bbox 163 743 1267 832; baseline 0.001 -23"><span class='ocrx_word' id='word_1_21' title='bbox 163 743 168 754; x_wconf 82' lang='grc'><strong><em>’</em></strong></span> <span class='ocrx_word' id='word_1_22' title='bbox 294 765 344 832; x_wconf 80' lang='lat'>44.</span> <span class='ocrx_word' id='word_1_23' title='bbox 389 746 478 810; x_wconf 85' lang='lat' dir='ltr'>Turn</span> <span class='ocrx_word' id='word_1_24' title='bbox 493 745 583 829; x_wconf 89' lang='lat' dir='ltr'>leges</span> <span class='ocrx_word' id='word_1_25' title='bbox 598 746 878 829; x_wconf 88' lang='lat' dir='ltr'>praeclarissimae</span> <span class='ocrx_word' id='word_1_26' title='bbox 893 745 935 810; x_wconf 90' lang='lat' dir='ltr'>de</span> <span class='ocrx_word' id='word_1_27' title='bbox 949 745 1125 811; x_wconf 89' lang='lat' dir='ltr'>duodecim</span> <span class='ocrx_word' id='word_1_28' title='bbox 1143 745 1267 810; x_wconf 89' lang='lat' dir='ltr'>tabulis</span> 
     </span>
    </p>
   </div>
   <div class='ocr_carea' id='block_1_4' title="bbox 169 847 1267 1964">
    <p class='ocr_par' dir='ltr' id='par_1_4' title="bbox 190 847 1267 1345">
     <span class='ocr_line' id='line_1_6' title="bbox 190 847 1264 933; baseline 0.001 -21"><span class='ocrx_word' id='word_1_29' title='bbox 190 860 206 930; x_wconf 82' lang='lat'>5</span> <span class='ocrx_word' id='word_1_30' title='bbox 231 847 488 927; x_wconf 86' lang='lat' dir='ltr'>tralataeduae,</span> <span class='ocrx_word' id='word_1_31' title='bbox 504 870 644 932; x_wconf 91' lang='lat' dir='ltr'>quarum</span> <span class='ocrx_word' id='word_1_32' title='bbox 671 848 775 914; x_wconf 86' lang='lat' dir='ltr'>altera</span> <span class='ocrx_word' id='word_1_33' title='bbox 790 848 960 933; x_wconf 88' lang='lat' dir='ltr'>privilegia</span> <span class='ocrx_word' id='word_1_34' title='bbox 986 849 1081 926; x_wconf 86' lang='lat' dir='ltr'>tollit,</span> <span class='ocrx_word' id='word_1_35' title='bbox 1097 849 1201 913; x_wconf 91' lang='lat' dir='ltr'>altera</span> <span class='ocrx_word' id='word_1_36' title='bbox 1223 848 1264 913; x_wconf 89' lang='lat' dir='ltr'>de</span> 
     </span>
     <span class='ocr_line' id='line_1_7' title="bbox 231 951 1264 1044; baseline 0.002 -29.964"><span class='ocrx_word' id='word_1_37' title='bbox 231 951 340 1036; x_wconf 88' lang='lat' dir='ltr'>capite</span> <span class='ocrx_word' id='word_1_38' title='bbox 366 952 445 1016; x_wconf 91' lang='lat' dir='ltr'>civis</span> <span class='ocrx_word' id='word_1_39' title='bbox 461 952 579 1044; x_wconf 25' lang='lat' dir='ltr'>&#39;rogari</span> <span class='ocrx_word' id='word_1_40' title='bbox 603 953 666 1017; x_wconf 90' lang='lat' dir='ltr'>nisi</span> <span class='ocrx_word' id='word_1_41' title='bbox 691 953 841 1017; x_wconf 90' lang='lat' dir='ltr'>maximo</span> <span class='ocrx_word' id='word_1_42' title='bbox 870 953 1043 1018; x_wconf 89' lang='lat' dir='ltr'>comitiatu</span> <span class='ocrx_word' id='word_1_43' title='bbox 1071 960 1171 1016; x_wconf 91' lang='lat' dir='ltr'>vetat.</span> <span class='ocrx_word' id='word_1_44' title='bbox 1217 951 1264 1016; x_wconf 90' lang='lat' dir='ltr'>Et</span> 
     </span>
     <span class='ocr_line' id='line_1_8' title="bbox 231 1053 1264 1140; baseline 0.001 -23"><span class='ocrx_word' id='word_1_45' title='bbox 231 1053 380 1118; x_wconf 90' lang='lat' dir='ltr'>nondum</span> <span class='ocrx_word' id='word_1_46' title='bbox 397 1055 538 1119; x_wconf 88' lang='lat' dir='ltr'>inventis</span> <span class='ocrx_word' id='word_1_47' title='bbox 553 1055 718 1121; x_wconf 88' lang='lat' dir='ltr'>seditiosis</span> <span class='ocrx_word' id='word_1_48' title='bbox 733 1056 872 1120; x_wconf 89' lang='lat' dir='ltr'>tribunis</span> <span class='ocrx_word' id='word_1_49' title='bbox 895 1055 1001 1140; x_wconf 83' lang='lat' dir='ltr'>plebis</span> <span class='ocrx_word' id='word_1_50' title='bbox 1023 1075 1063 1118; x_wconf 84' lang='lat' dir='ltr'>ne</span> <span class='ocrx_word' id='word_1_51' title='bbox 1084 1053 1264 1138; x_wconf 86' lang='lat' dir='ltr'>negotiosis</span> 
     </span>
     <span class='ocr_line' id='line_1_9' title="bbox 231 1156 1265 1242; baseline 0.001 -22"><span class='ocrx_word' id='word_1_52' title='bbox 231 1156 375 1240; x_wconf 91' lang='lat' dir='ltr'>quidem,</span> <span class='ocrx_word' id='word_1_53' title='bbox 406 1156 639 1222; x_wconf 90' lang='lat' dir='ltr'>admirandum</span> <span class='ocrx_word' id='word_1_54' title='bbox 677 1167 823 1223; x_wconf 90' lang='lat' dir='ltr'>tantum-</span> <span class='ocrx_word' id='word_1_55' title='bbox 846 1159 987 1223; x_wconf 89' lang='lat' dir='ltr'>maiores</span> <span class='ocrx_word' id='word_1_56' title='bbox 1023 1159 1057 1221; x_wconf 92' lang='lat' dir='ltr'>in</span> <span class='ocrx_word' id='word_1_57' title='bbox 1094 1167 1265 1242; x_wconf 91' lang='lat' dir='ltr'>posterum</span> 
     </span>
     <span class='ocr_line' id='line_1_10' title="bbox 230 1260 1267 1345; baseline 0 -21"><span class='ocrx_word' id='word_1_58' title='bbox 230 1261 422 1344; x_wconf 91' lang='lat' dir='ltr'>providisse.</span> <span class='ocrx_word' id='word_1_59' title='bbox 469 1262 508 1324; x_wconf 92' lang='lat' dir='ltr'>In</span> <span class='ocrx_word' id='word_1_60' title='bbox 531 1262 677 1345; x_wconf 90' lang='lat' dir='ltr'>privatos</span> <span class='ocrx_word' id='word_1_61' title='bbox 699 1261 851 1326; x_wconf 90' lang='lat' dir='ltr'>homines</span> <span class='ocrx_word' id='word_1_62' title='bbox 866 1260 956 1344; x_wconf 88' lang='lat' dir='ltr'>leges</span> <span class='ocrx_word' id='word_1_63' title='bbox 979 1261 1053 1324; x_wconf 85' lang='lat' dir='ltr'>ferri</span> <span class='ocrx_word' id='word_1_64' title='bbox 1069 1260 1267 1339; x_wconf 86' lang='lat' dir='ltr'>noluerunt;</span> 
     </span>
    </p>

    <p class='ocr_par' dir='ltr' id='par_1_5' title="bbox 170 1363 1266 1860">
     <span class='ocr_line' id='line_1_11' title="bbox 170 1363 1266 1449; baseline -0.002 -21"><span class='ocrx_word' id='word_1_65' title='bbox 170 1379 211 1429; x_wconf 92' lang='lat'>10</span> <span class='ocrx_word' id='word_1_66' title='bbox 232 1363 266 1427; x_wconf 93' lang='lat' dir='ltr'>id</span> <span class='ocrx_word' id='word_1_67' title='bbox 290 1372 341 1429; x_wconf 91' lang='lat' dir='ltr'>est</span> <span class='ocrx_word' id='word_1_68' title='bbox 367 1364 455 1429; x_wconf 88' lang='lat' dir='ltr'>enim</span> <span class='ocrx_word' id='word_1_69' title='bbox 480 1364 709 1448; x_wconf 88' lang='lat' dir='ltr'>privilegium:</span> <span class='ocrx_word' id='word_1_70' title='bbox 731 1385 798 1447; x_wconf 93' lang='lat' dir='ltr'>quo</span> <span class='ocrx_word' id='word_1_71' title='bbox 821 1365 968 1449; x_wconf 87' lang='lat' dir='ltr'>quidest</span> <span class='ocrx_word' id='word_1_72' title='bbox 989 1364 1167 1428; x_wconf 86' lang='lat' dir='ltr'>iniustius?</span> <span class='ocrx_word' id='word_1_73' title='bbox 1189 1383 1266 1428; x_wconf 89' lang='lat' dir='ltr'>cum</span> 
     </span>
     <span class='ocr_line' id='line_1_12' title="bbox 231 1453 1264 1552; baseline 0 -20"><span class='ocrx_word' id='word_1_74' title='bbox 231 1466 314 1552; x_wconf 91' lang='lat' dir='ltr'>legis</span> <span class='ocrx_word' id='word_1_75' title='bbox 342 1467 425 1533; x_wconf 93' lang='lat' dir='ltr'>haec</span> <span class='ocrx_word' id='word_1_76' title='bbox 449 1468 498 1532; x_wconf 92' lang='lat' dir='ltr'>vis</span> <span class='ocrx_word' id='word_1_77' title='bbox 524 1468 576 1546; x_wconf 90' lang='lat' dir='ltr'>sit,</span> <span class='ocrx_word' id='word_1_78' title='bbox 600 1476 639 1532; x_wconf 91' lang='lat' dir='ltr'>ut</span> <span class='ocrx_word' id='word_1_79' title='bbox 661 1469 705 1533; x_wconf 90' lang='lat' dir='ltr'>sit</span> <span class='ocrx_word' id='word_1_80' title='bbox 730 1468 849 1533; x_wconf 91' lang='lat' dir='ltr'>scitum</span> <span class='ocrx_word' id='word_1_81' title='bbox 876 1475 910 1531; x_wconf 86' lang='lat' dir='ltr'>et</span> <span class='ocrx_word' id='word_1_82' title='bbox 936 1453 1061 1532; x_wconf 71' lang='lat' dir='ltr'>ius&#39;sum</span> <span class='ocrx_word' id='word_1_83' title='bbox 1088 1467 1121 1531; x_wconf 94' lang='lat' dir='ltr'>in</span> <span class='ocrx_word' id='word_1_84' title='bbox 1148 1468 1264 1532; x_wconf 90' lang='lat' dir='ltr'>omnis.</span> 
     </span>
     <span class='ocr_line' id='line_1_13' title="bbox 231 1569 1264 1654; baseline 0.001 -21"><span class='ocrx_word' id='word_1_85' title='bbox 231 1569 323 1634; x_wconf 86' lang='lat' dir='ltr'>Ferri</span> <span class='ocrx_word' id='word_1_86' title='bbox 353 1570 396 1634; x_wconf 93' lang='lat' dir='ltr'>de</span> <span class='ocrx_word' id='word_1_87' title='bbox 424 1569 561 1654; x_wconf 89' lang='lat' dir='ltr'>singulis</span> <span class='ocrx_word' id='word_1_88' title='bbox 593 1571 654 1635; x_wconf 91' lang='lat' dir='ltr'>nisi</span> <span class='ocrx_word' id='word_1_89' title='bbox 684 1571 874 1635; x_wconf 88' lang='lat' dir='ltr'>centuriatis</span> <span class='ocrx_word' id='word_1_90' title='bbox 903 1571 1046 1635; x_wconf 89' lang='lat' dir='ltr'>comitiis</span> <span class='ocrx_word' id='word_1_91' title='bbox 1080 1570 1264 1634; x_wconf 75' lang='lat' dir='ltr'>noluerunt</span> 
     </span>
     <span class='ocr_line' id='line_1_14' title="bbox 231 1673 1266 1757; baseline 0.002 -21"><span class='ocrx_word' id='word_1_92' title='bbox 231 1673 419 1756; x_wconf 90' lang='lat' dir='ltr'>Discriptus</span> <span class='ocrx_word' id='word_1_93' title='bbox 455 1674 543 1737; x_wconf 91' lang='lat' dir='ltr'>enim</span> <span class='ocrx_word' id='word_1_94' title='bbox 579 1673 721 1757; x_wconf 91' lang='lat' dir='ltr'>populus</span> <span class='ocrx_word' id='word_1_95' title='bbox 752 1694 861 1751; x_wconf 91' lang='lat' dir='ltr'>censu,</span> <span class='ocrx_word' id='word_1_96' title='bbox 891 1673 1070 1750; x_wconf 85' lang='lat' dir='ltr'>ordinibus,</span> <span class='ocrx_word' id='word_1_97' title='bbox 1101 1674 1266 1738; x_wconf 89' lang='lat' dir='ltr'>aetatibus</span> 
     </span>
     <span class='ocr_line' id='line_1_15' title="bbox 230 1774 1265 1860; baseline 0.003 -22"><span class='ocrx_word' id='word_1_98' title='bbox 230 1774 306 1858; x_wconf 91' lang='lat' dir='ltr'>plus</span> <span class='ocrx_word' id='word_1_99' title='bbox 332 1774 468 1839; x_wconf 84' lang='lat' dir='ltr'>adhibet</span> <span class='ocrx_word' id='word_1_100' title='bbox 491 1775 534 1839; x_wconf 91' lang='lat' dir='ltr'>ad</span> <span class='ocrx_word' id='word_1_101' title='bbox 550 1776 742 1860; x_wconf 82' lang='lat' dir='ltr'>suffragium</span> <span class='ocrx_word' id='word_1_102' title='bbox 763 1775 889 1842; x_wconf 90' lang='lat' dir='ltr'>consilii</span> <span class='ocrx_word' id='word_1_103' title='bbox 904 1797 1007 1859; x_wconf 92' lang='lat' dir='ltr'>quam</span> <span class='ocrx_word' id='word_1_104' title='bbox 1020 1777 1092 1840; x_wconf 85' lang='lat' dir='ltr'>fuse</span> <span class='ocrx_word' id='word_1_105' title='bbox 1107 1777 1140 1841; x_wconf 94' lang='lat' dir='ltr'>in</span> <span class='ocrx_word' id='word_1_106' title='bbox 1159 1777 1265 1841; x_wconf 90' lang='lat' dir='ltr'>tribus</span> 
     </span>
    </p>

    <p class='ocr_par' dir='ltr' id='par_1_6' title="bbox 169 1876 1265 1964">
     <span class='ocr_line' id='line_1_16' title="bbox 169 1876 1265 1964; baseline 0.002 -22"><span class='ocrx_word' id='word_1_107' title='bbox 169 1891 206 1960; x_wconf 84' lang='lat'>15</span> <span class='ocrx_word' id='word_1_108' title='bbox 232 1885 453 1942; x_wconf 89' lang='lat' dir='ltr'>convocatus..</span> <span class='ocrx_word' id='word_1_109' title='bbox 494 1885 544 1955; x_wconf 88' lang='lat'>45.</span> <span class='ocrx_word' id='word_1_110' title='bbox 583 1876 661 1962; x_wconf 83' lang='lat' dir='ltr'>Quo</span> <span class='ocrx_word' id='word_1_111' title='bbox 675 1881 783 1945; x_wconf 88' lang='lat' dir='ltr'>verius</span> <span class='ocrx_word' id='word_1_112' title='bbox 798 1880 832 1944; x_wconf 90' lang='lat' dir='ltr'>in</span> <span class='ocrx_word' id='word_1_113' title='bbox 847 1900 946 1944; x_wconf 90' lang='lat' dir='ltr'>causa</span> <span class='ocrx_word' id='word_1_114' title='bbox 961 1887 1073 1944; x_wconf 89' lang='lat' dir='ltr'>nostra</span> <span class='ocrx_word' id='word_1_115' title='bbox 1087 1880 1137 1944; x_wconf 89' lang='lat' dir='ltr'>vir</span> <span class='ocrx_word' id='word_1_116' title='bbox 1152 1881 1265 1964; x_wconf 86' lang='lat' dir='ltr'>magni</span> 
     </span>
    </p>
   </div>
   <div class='ocr_carea' id='block_1_5' title="bbox 142 2201 1273 3835">
    <p class='ocr_par' dir='ltr' id='par_1_7' title="bbox 232 2201 1262 2342">
     <span class='ocr_line' id='line_1_17' title="bbox 296 2201 1262 2275; baseline 0.004 -17"><span class='ocrx_word' id='word_1_117' title='bbox 296 2208 318 2270; x_wconf 71' lang='lat'>§-</span> <span class='ocrx_word' id='word_1_118' title='bbox 337 2206 379 2259; x_wconf 79' lang='lat'>44.</span> <span class='ocrx_word' id='word_1_119' title='bbox 414 2205 539 2260; x_wconf 78' lang='lat' dir='ltr'>inventis</span> <span class='ocrx_word' id='word_1_120' title='bbox 576 2208 686 2260; x_wconf 86' lang='lat' dir='ltr'>Turneb.</span> <span class='ocrx_word' id='word_1_121' title='bbox 700 2210 766 2260; x_wconf 73' lang='lat' dir='ltr'>inttr.</span> <span class='ocrx_word' id='word_1_122' title='bbox 787 2221 845 2259; x_wconf 83' lang='lat' dir='ltr'>uss.</span> <span class='ocrx_word' id='word_1_123' title='bbox 860 2201 1051 2260; x_wconf 59' lang='lat' dir='ltr'>nanu-Gerena</span> <span class='ocrx_word' id='word_1_124' title='bbox 1073 2224 1112 2275; x_wconf 87' lang='lat' dir='ltr'>cp.</span> <span class='ocrx_word' id='word_1_125' title='bbox 1133 2221 1164 2261; x_wconf 84' lang='lat'>11.</span> <span class='ocrx_word' id='word_1_126' title='bbox 1187 2211 1209 2271; x_wconf 61' lang='grc' dir='ltr'>ὅ.</span> <span class='ocrx_word' id='word_1_127' title='bbox 1226 2225 1262 2262; x_wconf 83' lang='grc' dir='ltr'>ιι.</span> 
     </span>
     <span class='ocr_line' id='line_1_18' title="bbox 232 2273 1261 2342; baseline 0.001 -17"><span class='ocrx_word' id='word_1_128' title='bbox 232 2274 315 2325; x_wconf 84' lang='lat' dir='ltr'>where</span> <span class='ocrx_word' id='word_1_129' title='bbox 326 2275 362 2338; x_wconf 57' lang='lat' dir='ltr'>B,</span> <span class='ocrx_word' id='word_1_130' title='bbox 375 2273 420 2324; x_wconf 86' lang='lat' dir='ltr'>bas</span> <span class='ocrx_word' id='word_1_131' title='bbox 430 2273 680 2325; x_wconf 76' lang='lat' dir='ltr'>interforinventas.</span> <span class='ocrx_word' id='word_1_132' title='bbox 717 2275 797 2325; x_wconf 87' lang='lat' dir='ltr'>Halm</span> <span class='ocrx_word' id='word_1_133' title='bbox 808 2276 898 2339; x_wconf 89' lang='lat' dir='ltr'>adopts</span> <span class='ocrx_word' id='word_1_134' title='bbox 909 2273 1010 2324; x_wconf 84' lang='lat' dir='ltr'>Davies’</span> <span class='ocrx_word' id='word_1_135' title='bbox 1022 2274 1087 2340; x_wconf 85' lang='lat' dir='ltr'>conj.</span> <span class='ocrx_word' id='word_1_136' title='bbox 1101 2276 1171 2326; x_wconf 78' lang='lat' dir='ltr'>notr&#39;s.</span> <span class='ocrx_word' id='word_1_137' title='bbox 1258 2335 1261 2342; x_wconf 25' lang='grc' dir='ltr'>Ι</span> 
     </span>
    </p>

    <p class='ocr_par' dir='ltr' id='par_1_8' title="bbox 232 2337 1268 2976">
     <span class='ocr_line' id='line_1_19' title="bbox 297 2337 1266 2404; baseline 0.004 -16"><span class='ocrx_word' id='word_1_138' title='bbox 297 2353 331 2389; x_wconf 90' lang='lat' dir='ltr'>ne</span> <span class='ocrx_word' id='word_1_139' title='bbox 342 2337 493 2401; x_wconf 79' lang='lat' dir='ltr'>negotiosis.</span> <span class='ocrx_word' id='word_1_140' title='bbox 522 2342 588 2390; x_wconf 85' lang='lat' dir='ltr'>“not</span> <span class='ocrx_word' id='word_1_141' title='bbox 599 2356 662 2390; x_wconf 89' lang='lat' dir='ltr'>even</span> <span class='ocrx_word' id='word_1_142' title='bbox 672 2340 840 2390; x_wconf 83' lang='lat' dir='ltr'>troublesome</span> <span class='ocrx_word' id='word_1_143' title='bbox 848 2355 909 2390; x_wconf 79' lang='lat' dir='ltr'>ones</span> <span class='ocrx_word' id='word_1_144' title='bbox 918 2337 941 2389; x_wconf 81' lang='lat'>=”</span> <span class='ocrx_word' id='word_1_145' title='bbox 953 2355 992 2404; x_wconf 89' lang='lat' dir='ltr'>cp.</span> <span class='ocrx_word' id='word_1_146' title='bbox 1007 2339 1057 2390; x_wconf 87' lang='lat' dir='ltr'>Gk.</span> <span class='ocrx_word' id='word_1_147' title='bbox 1071 2341 1266 2404; x_wconf 72' lang='lat' dir='ltr'>rohurpdypur:</span> 
     </span>
     <span class='ocr_line' id='line_1_20' title="bbox 233 2404 1264 2470; baseline 0.003 -16"><span class='ocrx_word' id='word_1_148' title='bbox 233 2405 349 2464; x_wconf 87' lang='lat' dir='ltr'>Lambin,</span> <span class='ocrx_word' id='word_1_149' title='bbox 363 2406 447 2454; x_wconf 85' lang='lat' dir='ltr'>whose</span> <span class='ocrx_word' id='word_1_150' title='bbox 466 2404 531 2469; x_wconf 91' lang='lat' dir='ltr'>conj.</span> <span class='ocrx_word' id='word_1_151' title='bbox 546 2421 576 2466; x_wconf 67' lang='lat' dir='ltr'>pe</span> <span class='ocrx_word' id='word_1_152' title='bbox 585 2406 693 2470; x_wconf 77' lang='lat' dir='ltr'>cogitatis</span> <span class='ocrx_word' id='word_1_153' title='bbox 702 2405 747 2454; x_wconf 82' lang='lat' dir='ltr'>hes</span> <span class='ocrx_word' id='word_1_154' title='bbox 758 2406 822 2455; x_wconf 90' lang='lat' dir='ltr'>been</span> <span class='ocrx_word' id='word_1_155' title='bbox 833 2405 943 2470; x_wconf 84' lang='lat' dir='ltr'>adopted</span> <span class='ocrx_word' id='word_1_156' title='bbox 962 2406 995 2468; x_wconf 89' lang='lat' dir='ltr'>by</span> <span class='ocrx_word' id='word_1_157' title='bbox 1007 2405 1086 2454; x_wconf 87' lang='lat' dir='ltr'>Helm</span> <span class='ocrx_word' id='word_1_158' title='bbox 1106 2407 1156 2455; x_wconf 85' lang='lat' dir='ltr'>and</span> <span class='ocrx_word' id='word_1_159' title='bbox 1172 2405 1264 2468; x_wconf 85' lang='lat' dir='ltr'>others,</span> 
     </span>
     <span class='ocr_line' id='line_1_21' title="bbox 233 2468 1263 2535; baseline 0.001 -15"><span class='ocrx_word' id='word_1_160' title='bbox 233 2486 289 2534; x_wconf 85' lang='lat' dir='ltr'>says</span> <span class='ocrx_word' id='word_1_161' title='bbox 300 2470 354 2520; x_wconf 88' lang='lat' dir='ltr'>that</span> <span class='ocrx_word' id='word_1_162' title='bbox 365 2470 399 2519; x_wconf 82' lang='lat' dir='ltr'>all</span> <span class='ocrx_word' id='word_1_163' title='bbox 410 2470 449 2519; x_wconf 91' lang='lat' dir='ltr'>his</span> <span class='ocrx_word' id='word_1_164' title='bbox 461 2481 517 2520; x_wconf 83' lang='lat' dir='ltr'>uss.</span> <span class='ocrx_word' id='word_1_165' title='bbox 532 2486 592 2535; x_wconf 83' lang='lat' dir='ltr'>vary</span> <span class='ocrx_word' id='word_1_166' title='bbox 604 2471 714 2520; x_wconf 85' lang='lat' dir='ltr'>between</span> <span class='ocrx_word' id='word_1_167' title='bbox 726 2469 870 2532; x_wconf 68' lang='lat' dir='ltr'>negotiosis</span> <span class='ocrx_word' id='word_1_168' title='bbox 880 2471 930 2519; x_wconf 83' lang='lat' dir='ltr'>and</span> <span class='ocrx_word' id='word_1_169' title='bbox 941 2468 1098 2531; x_wconf 74' lang='lat' dir='ltr'>negotialis:</span> <span class='ocrx_word' id='word_1_170' title='bbox 1116 2483 1174 2520; x_wconf 84' lang='lat' dir='ltr'>uss.</span> <span class='ocrx_word' id='word_1_171' title='bbox 1188 2473 1222 2522; x_wconf 81' lang='lat' dir='ltr'>A.</span> <span class='ocrx_word' id='word_1_172' title='bbox 1234 2473 1263 2522; x_wconf 88' lang='lat' dir='ltr'>B.</span> 
     </span>
     <span class='ocr_line' id='line_1_22' title="bbox 232 2534 1267 2602; baseline 0.001 -18"><span class='ocrx_word' id='word_1_173' title='bbox 232 2535 308 2584; x_wconf 84' lang='lat' dir='ltr'>have:</span> <span class='ocrx_word' id='word_1_174' title='bbox 321 2536 412 2599; x_wconf 77' lang='lat' dir='ltr'>negotio</span> <span class='ocrx_word' id='word_1_175' title='bbox 424 2534 471 2583; x_wconf 73' lang='lat' dir='ltr'>*ir</span> <span class='ocrx_word' id='word_1_176' title='bbox 483 2535 576 2596; x_wconf 78' lang='lat' dir='ltr'>(cirin</span> <span class='ocrx_word' id='word_1_177' title='bbox 588 2536 648 2596; x_wconf 86' lang='lat' dir='ltr'>ras.)</span> <span class='ocrx_word' id='word_1_178' title='bbox 666 2536 699 2595; x_wconf 83' lang='lat' dir='ltr'>A,</span> <span class='ocrx_word' id='word_1_179' title='bbox 714 2536 807 2600; x_wconf 82' lang='lat' dir='ltr'>negotio</span> <span class='ocrx_word' id='word_1_180' title='bbox 822 2535 862 2584; x_wconf 80' lang='lat' dir='ltr'>his</span> <span class='ocrx_word' id='word_1_181' title='bbox 878 2536 907 2584; x_wconf 92' lang='lat' dir='ltr'>B.</span> <span class='ocrx_word' id='word_1_182' title='bbox 944 2535 1013 2585; x_wconf 85' lang='lat' dir='ltr'>Bake</span> <span class='ocrx_word' id='word_1_183' title='bbox 1030 2536 1080 2584; x_wconf 88' lang='lat' dir='ltr'>and</span> <span class='ocrx_word' id='word_1_184' title='bbox 1091 2535 1180 2586; x_wconf 89' lang='lat' dir='ltr'>Feldh.</span> <span class='ocrx_word' id='word_1_185' title='bbox 1194 2553 1267 2602; x_wconf 87' lang='lat' dir='ltr'>agree</span> 
     </span>
     <span class='ocr_line' id='line_1_23' title="bbox 234 2599 1267 2665; baseline 0.003 -16"><span class='ocrx_word' id='word_1_186' title='bbox 234 2600 287 2650; x_wconf 85' lang='lat' dir='ltr'>that</span> <span class='ocrx_word' id='word_1_187' title='bbox 309 2615 378 2648; x_wconf 90' lang='lat' dir='ltr'>some</span> <span class='ocrx_word' id='word_1_188' title='bbox 388 2599 512 2649; x_wconf 85' lang='lat' dir='ltr'>anthithet</span> <span class='ocrx_word' id='word_1_189' title='bbox 531 2608 557 2650; x_wconf 88' lang='lat' dir='ltr'>to</span> <span class='ocrx_word' id='word_1_190' title='bbox 569 2599 702 2649; x_wconf 79' lang='lat' dir='ltr'>seditiosis</span> <span class='ocrx_word' id='word_1_191' title='bbox 720 2601 741 2650; x_wconf 91' lang='lat' dir='ltr'>is</span> <span class='ocrx_word' id='word_1_192' title='bbox 753 2599 873 2665; x_wconf 83' lang='lat' dir='ltr'>required,</span> <span class='ocrx_word' id='word_1_193' title='bbox 887 2600 909 2650; x_wconf 93' lang='lat' dir='ltr'>F</span> <span class='ocrx_word' id='word_1_194' title='bbox 910 2601 976 2650; x_wconf 88' lang='lat' dir='ltr'>eldh.</span> <span class='ocrx_word' id='word_1_195' title='bbox 990 2601 1054 2664; x_wconf 89' lang='lat' dir='ltr'>conj.</span> <span class='ocrx_word' id='word_1_196' title='bbox 1070 2617 1101 2650; x_wconf 81' lang='lat' dir='ltr'>m</span> <span class='ocrx_word' id='word_1_197' title='bbox 1115 2602 1206 2660; x_wconf 60' lang='lat' dir='ltr'>malin</span> <span class='ocrx_word' id='word_1_198' title='bbox 1223 2604 1267 2652; x_wconf 91' lang='lat' dir='ltr'>but</span> 
     </span>
     <span class='ocr_line' id='line_1_24' title="bbox 233 2664 1266 2730; baseline 0.003 -16"><span class='ocrx_word' id='word_1_199' title='bbox 233 2677 267 2714; x_wconf 82' lang='lat' dir='ltr'>ns</span> <span class='ocrx_word' id='word_1_200' title='bbox 288 2664 369 2714; x_wconf 84' lang='lat' dir='ltr'>would</span> <span class='ocrx_word' id='word_1_201' title='bbox 388 2679 457 2714; x_wconf 89' lang='lat' dir='ltr'>more</span> <span class='ocrx_word' id='word_1_202' title='bbox 474 2665 569 2729; x_wconf 89' lang='lat' dir='ltr'>readily</span> <span class='ocrx_word' id='word_1_203' title='bbox 588 2665 620 2715; x_wconf 88' lang='lat' dir='ltr'>be</span> <span class='ocrx_word' id='word_1_204' title='bbox 639 2665 761 2716; x_wconf 83' lang='lat' dir='ltr'>absorberi</span> <span class='ocrx_word' id='word_1_205' title='bbox 780 2665 864 2715; x_wconf 86' lang='lat' dir='ltr'>before</span> <span class='ocrx_word' id='word_1_206' title='bbox 884 2665 1005 2730; x_wconf 70' lang='lat' dir='ltr'>negonbsis</span> <span class='ocrx_word' id='word_1_207' title='bbox 1024 2665 1074 2714; x_wconf 91' lang='lat' dir='ltr'>and</span> <span class='ocrx_word' id='word_1_208' title='bbox 1093 2665 1135 2716; x_wconf 88' lang='lat' dir='ltr'>the</span> <span class='ocrx_word' id='word_1_209' title='bbox 1152 2667 1266 2728; x_wconf 85' lang='lat' dir='ltr'>unusual,</span> 
     </span>
     <span class='ocr_line' id='line_1_25' title="bbox 234 2728 1268 2796; baseline 0.003 -17"><span class='ocrx_word' id='word_1_210' title='bbox 234 2728 329 2795; x_wconf 85' lang='lat' dir='ltr'>though</span> <span class='ocrx_word' id='word_1_211' title='bbox 340 2729 459 2795; x_wconf 83' lang='lat' dir='ltr'>persectly</span> <span class='ocrx_word' id='word_1_212' title='bbox 475 2729 581 2792; x_wconf 81' lang='lat' dir='ltr'>natural,</span> <span class='ocrx_word' id='word_1_213' title='bbox 592 2745 664 2780; x_wconf 88' lang='lat' dir='ltr'>sense</span> <span class='ocrx_word' id='word_1_214' title='bbox 675 2730 705 2779; x_wconf 89' lang='lat' dir='ltr'>of</span> <span class='ocrx_word' id='word_1_215' title='bbox 717 2731 840 2796; x_wconf 75' lang='lat' dir='ltr'>negotiosis</span> <span class='ocrx_word' id='word_1_216' title='bbox 851 2730 955 2794; x_wconf 85' lang='lat' dir='ltr'>(“busy,</span> <span class='ocrx_word' id='word_1_217' title='bbox 969 2730 1168 2792; x_wconf 84' lang='lat' dir='ltr'>meddlesome’‘)</span> <span class='ocrx_word' id='word_1_218' title='bbox 1183 2733 1268 2782; x_wconf 80' lang='lat' dir='ltr'>would</span> 
     </span>
     <span class='ocr_line' id='line_1_26' title="bbox 233 2794 1268 2862; baseline 0.004 -18"><span class='ocrx_word' id='word_1_219' title='bbox 233 2795 346 2845; x_wconf 80' lang='lat' dir='ltr'>conduoe</span> <span class='ocrx_word' id='word_1_220' title='bbox 362 2801 388 2844; x_wconf 83' lang='lat' dir='ltr'>to</span> <span class='ocrx_word' id='word_1_221' title='bbox 399 2794 441 2844; x_wconf 89' lang='lat' dir='ltr'>the</span> <span class='ocrx_word' id='word_1_222' title='bbox 452 2795 575 2844; x_wconf 78' lang='lat' dir='ltr'>mistalrea</span> <span class='ocrx_word' id='word_1_223' title='bbox 592 2811 720 2845; x_wconf 86' lang='lat' dir='ltr'>moreover</span> <span class='ocrx_word' id='word_1_224' title='bbox 730 2795 773 2845; x_wconf 90' lang='lat' dir='ltr'>the</span> <span class='ocrx_word' id='word_1_225' title='bbox 787 2795 945 2846; x_wconf 87' lang='lat' dir='ltr'>termination</span> <span class='ocrx_word' id='word_1_226' title='bbox 957 2797 1013 2845; x_wconf 68' lang='lat' dir='ltr'>osai</span> <span class='ocrx_word' id='word_1_227' title='bbox 1028 2797 1190 2862; x_wconf 88' lang='lat' dir='ltr'>corresponds</span> <span class='ocrx_word' id='word_1_228' title='bbox 1206 2798 1268 2848; x_wconf 84' lang='lat' dir='ltr'>with</span> 
     </span>
     <span class='ocr_line' id='line_1_27' title="bbox 234 2857 1268 2925; baseline 0.003 -15"><span class='ocrx_word' id='word_1_229' title='bbox 234 2857 384 2920; x_wconf 80' lang='lat' dir='ltr'>seditiosis3</span> <span class='ocrx_word' id='word_1_230' title='bbox 399 2860 419 2909; x_wconf 93' lang='lat' dir='ltr'>it</span> <span class='ocrx_word' id='word_1_231' title='bbox 430 2859 452 2908; x_wconf 88' lang='lat' dir='ltr'>is</span> <span class='ocrx_word' id='word_1_232' title='bbox 462 2858 540 2924; x_wconf 86' lang='lat' dir='ltr'>likely</span> <span class='ocrx_word' id='word_1_233' title='bbox 551 2868 594 2909; x_wconf 81' lang='lat' dir='ltr'>too</span> <span class='ocrx_word' id='word_1_234' title='bbox 610 2861 664 2910; x_wconf 88' lang='lat' dir='ltr'>that</span> <span class='ocrx_word' id='word_1_235' title='bbox 678 2858 867 2925; x_wconf 87' lang='lat' dir='ltr'>‘busy-bodies’</span> <span class='ocrx_word' id='word_1_236' title='bbox 886 2861 971 2910; x_wconf 88' lang='lat' dir='ltr'>would</span> <span class='ocrx_word' id='word_1_237' title='bbox 986 2861 1019 2910; x_wconf 91' lang='lat' dir='ltr'>be</span> <span class='ocrx_word' id='word_1_238' title='bbox 1037 2868 1102 2912; x_wconf 81' lang='lat' dir='ltr'>most</span> <span class='ocrx_word' id='word_1_239' title='bbox 1120 2862 1230 2913; x_wconf 89' lang='lat' dir='ltr'>inclined</span> <span class='ocrx_word' id='word_1_240' title='bbox 1241 2870 1268 2913; x_wconf 90' lang='lat' dir='ltr'>to</span> 
     </span>
     <span class='ocr_line' id='line_1_28' title="bbox 234 2924 720 2976; baseline 0 0"><span class='ocrx_word' id='word_1_241' title='bbox 234 2925 349 2976; x_wconf 83' lang='lat' dir='ltr'>intersere</span> <span class='ocrx_word' id='word_1_242' title='bbox 364 2925 390 2973; x_wconf 93' lang='lat' dir='ltr'>in</span> <span class='ocrx_word' id='word_1_243' title='bbox 402 2925 444 2974; x_wconf 77' lang='lat' dir='ltr'>the</span> <span class='ocrx_word' id='word_1_244' title='bbox 455 2940 512 2974; x_wconf 82' lang='lat' dir='ltr'>case</span> <span class='ocrx_word' id='word_1_245' title='bbox 527 2925 556 2974; x_wconf 82' lang='lat' dir='ltr'>of</span> <span class='ocrx_word' id='word_1_246' title='bbox 564 2924 720 2976; x_wconf 72' lang='lat' dir='ltr'>individuale.</span> 
     </span>
    </p>

    <p class='ocr_par' dir='ltr' id='par_1_9' title="bbox 233 2988 1266 3121">
     <span class='ocr_line' id='line_1_29' title="bbox 298 2988 1266 3058; baseline 0.006 -19"><span class='ocrx_word' id='word_1_247' title='bbox 298 2989 425 3052; x_wconf 79' lang='lat' dir='ltr'>privatos.</span> <span class='ocrx_word' id='word_1_248' title='bbox 460 2989 624 3040; x_wconf 77' lang='lat' dir='ltr'>‘individuale</span> <span class='ocrx_word' id='word_1_249' title='bbox 636 2988 651 3040; x_wconf 72' lang='grc' dir='ltr'>ι’</span> <span class='ocrx_word' id='word_1_250' title='bbox 669 2991 707 3040; x_wconf 82' lang='lat' dir='ltr'>for</span> <span class='ocrx_word' id='word_1_251' title='bbox 725 2989 774 3040; x_wconf 82' lang='lat' dir='ltr'>this</span> <span class='ocrx_word' id='word_1_252' title='bbox 785 2989 900 3041; x_wconf 82' lang='lat' dir='ltr'>doubtful</span> <span class='ocrx_word' id='word_1_253' title='bbox 916 3006 959 3041; x_wconf 88' lang='lat' dir='ltr'>use</span> <span class='ocrx_word' id='word_1_254' title='bbox 971 2989 1000 3040; x_wconf 82' lang='lat' dir='ltr'>of</span> <span class='ocrx_word' id='word_1_255' title='bbox 1010 2992 1128 3055; x_wconf 67' lang='lat' dir='ltr'>priuatm</span> <span class='ocrx_word' id='word_1_256' title='bbox 1145 2992 1210 3044; x_wconf 87' lang='lat' dir='ltr'>Edd.</span> <span class='ocrx_word' id='word_1_257' title='bbox 1225 3009 1266 3058; x_wconf 84' lang='lat' dir='ltr'>cp.</span> 
     </span>
     <span class='ocr_line' id='line_1_30' title="bbox 233 3053 824 3121; baseline 0 -15"><span class='ocrx_word' id='word_1_258' title='bbox 233 3053 263 3106; x_wconf 81' lang='lat' dir='ltr'>de</span> <span class='ocrx_word' id='word_1_259' title='bbox 271 3057 359 3116; x_wconf 84' lang='lat' dir='ltr'>Domo,</span> <span class='ocrx_word' id='word_1_260' title='bbox 374 3067 444 3105; x_wconf 78' lang='lat' dir='ltr'>xvir.</span> <span class='ocrx_word' id='word_1_261' title='bbox 457 3067 497 3118; x_wconf 87' lang='lat'>43.</span> <span class='ocrx_word' id='word_1_262' title='bbox 504 3073 513 3118; x_wconf 73' lang='lat'>5</span> <span class='ocrx_word' id='word_1_263' title='bbox 529 3055 640 3121; x_wconf 83' lang='lat' dir='ltr'>Scaliger</span> <span class='ocrx_word' id='word_1_264' title='bbox 651 3055 715 3120; x_wconf 92' lang='lat' dir='ltr'>conj.</span> <span class='ocrx_word' id='word_1_265' title='bbox 728 3053 824 3117; x_wconf 80' lang='lat' dir='ltr'>privos.</span> 
     </span>
    </p>

    <p class='ocr_par' dir='ltr' id='par_1_10' title="bbox 234 3119 1271 3495">
     <span class='ocr_line' id='line_1_31' title="bbox 299 3119 1270 3186; baseline 0.005 -18"><span class='ocrx_word' id='word_1_266' title='bbox 299 3123 330 3170; x_wconf 78' lang='lat' dir='ltr'>nt</span> <span class='ocrx_word' id='word_1_267' title='bbox 340 3119 376 3170; x_wconf 80' lang='lat' dir='ltr'>an</span> <span class='ocrx_word' id='word_1_268' title='bbox 387 3121 491 3170; x_wconf 78' lang='lat' dir='ltr'>sutum.</span> <span class='ocrx_word' id='word_1_269' title='bbox 527 3132 585 3170; x_wconf 81' lang='lat' dir='ltr'>MSS.</span> <span class='ocrx_word' id='word_1_270' title='bbox 608 3121 670 3171; x_wconf 89' lang='lat' dir='ltr'>omit</span> <span class='ocrx_word' id='word_1_271' title='bbox 688 3122 765 3181; x_wconf 68' lang='lat' dir='ltr'>utsii,</span> <span class='ocrx_word' id='word_1_272' title='bbox 780 3120 895 3186; x_wconf 91' lang='lat' dir='ltr'>supplied</span> <span class='ocrx_word' id='word_1_273' title='bbox 911 3119 946 3184; x_wconf 89' lang='lat' dir='ltr'>by</span> <span class='ocrx_word' id='word_1_274' title='bbox 965 3121 1032 3170; x_wconf 81' lang='lat' dir='ltr'>Rath</span> <span class='ocrx_word' id='word_1_275' title='bbox 1041 3138 1049 3183; x_wconf 72' lang='grc' dir='ltr'><strong><em>ς</em></strong></span> <span class='ocrx_word' id='word_1_276' title='bbox 1066 3121 1165 3172; x_wconf 87' lang='lat' dir='ltr'>Vahlen</span> <span class='ocrx_word' id='word_1_277' title='bbox 1183 3121 1270 3174; x_wconf 82' lang='lat' dir='ltr'>thinks</span> 
     </span>
     <span class='ocr_line' id='line_1_32' title="bbox 234 3183 1270 3253; baseline 0.002 -17"><span class='ocrx_word' id='word_1_278' title='bbox 234 3188 266 3236; x_wconf 79' lang='lat' dir='ltr'>nt</span> <span class='ocrx_word' id='word_1_279' title='bbox 285 3183 321 3234; x_wconf 80' lang='lat' dir='ltr'>ait</span> <span class='ocrx_word' id='word_1_280' title='bbox 331 3201 494 3251; x_wconf 89' lang='lat' dir='ltr'>unnecessary</span> <span class='ocrx_word' id='word_1_281' title='bbox 503 3202 511 3246; x_wconf 88' lang='lat'>;</span> <span class='ocrx_word' id='word_1_282' title='bbox 528 3200 566 3250; x_wconf 91' lang='lat' dir='ltr'>cp.</span> <span class='ocrx_word' id='word_1_283' title='bbox 588 3187 666 3236; x_wconf 84' lang='lat' dir='ltr'>Acod.</span> <span class='ocrx_word' id='word_1_284' title='bbox 683 3193 727 3250; x_wconf 83' lang='lat' dir='ltr'>pr.</span> <span class='ocrx_word' id='word_1_285' title='bbox 743 3197 773 3235; x_wconf 85' lang='lat'>11.</span> <span class='ocrx_word' id='word_1_286' title='bbox 788 3185 820 3235; x_wconf 84' lang='lat' dir='ltr'>ix.</span> <span class='ocrx_word' id='word_1_287' title='bbox 843 3197 882 3248; x_wconf 89' lang='lat'>29.</span> <span class='ocrx_word' id='word_1_288' title='bbox 921 3183 1013 3235; x_wconf 77' lang='lat' dir='ltr'>“ltonc</span> <span class='ocrx_word' id='word_1_289' title='bbox 1023 3187 1088 3235; x_wconf 88' lang='lat' dir='ltr'>enim</span> <span class='ocrx_word' id='word_1_290' title='bbox 1103 3189 1270 3253; x_wconf 80' lang='lat' dir='ltr'>esseregulam</span> 
     </span>
     <span class='ocr_line' id='line_1_33' title="bbox 234 3249 1266 3318; baseline 0.004 -18"><span class='ocrx_word' id='word_1_291' title='bbox 234 3251 307 3301; x_wconf 81' lang='lat' dir='ltr'>totius</span> <span class='ocrx_word' id='word_1_292' title='bbox 322 3252 493 3316; x_wconf 75' lang='lat' dir='ltr'>philosophiae,</span> <span class='ocrx_word' id='word_1_293' title='bbox 507 3251 529 3312; x_wconf 72' lang='grc' dir='ltr'>(ί</span> <span class='ocrx_word' id='word_1_294' title='bbox 537 3251 636 3316; x_wconf 86' lang='lat' dir='ltr'>namely</span> <span class='ocrx_word' id='word_1_295' title='bbox 644 3249 662 3313; x_wconf 77' lang='lat' dir='ltr'>’l</span> <span class='ocrx_word' id='word_1_296' title='bbox 673 3251 863 3300; x_wconf 67' lang='lat' dir='ltr'>consulationem</span> <span class='ocrx_word' id='word_1_297' title='bbox 873 3249 1020 3315; x_wconf 82' lang='lat' dir='ltr'>verisalsi.”</span> <span class='ocrx_word' id='word_1_298' title='bbox 1053 3251 1175 3318; x_wconf 82' lang='lat' dir='ltr'>(Madvig,</span> <span class='ocrx_word' id='word_1_299' title='bbox 1189 3255 1219 3304; x_wconf 89' lang='lat' dir='ltr'>L.</span> <span class='ocrx_word' id='word_1_300' title='bbox 1237 3255 1266 3304; x_wconf 90' lang='lat' dir='ltr'>G.</span> 
     </span>
     <span class='ocr_line' id='line_1_34' title="bbox 234 3315 1271 3382; baseline 0.005 -18"><span class='ocrx_word' id='word_1_301' title='bbox 234 3319 255 3376; x_wconf 72' lang='lat'>5.</span> <span class='ocrx_word' id='word_1_302' title='bbox 276 3326 332 3380; x_wconf 85' lang='lat'>435.</span> <span class='ocrx_word' id='word_1_303' title='bbox 352 3318 397 3378; x_wconf 81' lang='lat'>4).</span> <span class='ocrx_word' id='word_1_304' title='bbox 426 3315 535 3367; x_wconf 90' lang='lat' dir='ltr'>Tumeb.</span> <span class='ocrx_word' id='word_1_305' title='bbox 560 3325 648 3382; x_wconf 87' lang='lat' dir='ltr'>quotes</span> <span class='ocrx_word' id='word_1_306' title='bbox 674 3316 857 3366; x_wconf 85' lang='lat' dir='ltr'>Demosthenes</span> <span class='ocrx_word' id='word_1_307' title='bbox 877 3316 1019 3376; x_wconf 70' lang='lat' dir='ltr'>(iimocrat.</span> <span class='ocrx_word' id='word_1_308' title='bbox 1048 3325 1115 3379; x_wconf 66' lang='lat'>719„</span> <span class='ocrx_word' id='word_1_309' title='bbox 1136 3320 1188 3381; x_wconf 69' lang='lat' dir='ltr'>sp)</span> <span class='ocrx_word' id='word_1_310' title='bbox 1208 3319 1271 3380; x_wconf 76' lang='grc' dir='ltr'>μηδὲ</span> 
     </span>
     <span class='ocr_line' id='line_1_35' title="bbox 234 3379 1269 3495; baseline 0.003 -65"><span class='ocrx_word' id='word_1_311' title='bbox 234 3379 410 3495; x_wconf 70' lang='grc' dir='ltr'>νόμονλέξεΐναι</span> <span class='ocrx_word' id='word_1_312' title='bbox 420 3380 457 3431; x_wconf 79' lang='grc' dir='ltr'>ἐπ’</span> <span class='ocrx_word' id='word_1_313' title='bbox 477 3382 542 3445; x_wconf 69' lang='grc' dir='ltr'>ἀνδρὶ</span> <span class='ocrx_word' id='word_1_314' title='bbox 563 3383 646 3444; x_wconf 76' lang='grc' dir='ltr'>θεῖναι,</span> <span class='ocrx_word' id='word_1_315' title='bbox 661 3380 704 3431; x_wconf 70' lang='grc' dir='ltr'>ἐὰν</span> <span class='ocrx_word' id='word_1_316' title='bbox 722 3383 757 3442; x_wconf 77' lang='grc' dir='ltr'>μὴ</span> <span class='ocrx_word' id='word_1_317' title='bbox 771 3382 815 3430; x_wconf 77' lang='grc' dir='ltr'>τὸν</span> <span class='ocrx_word' id='word_1_318' title='bbox 825 3382 898 3430; x_wconf 76' lang='grc' dir='ltr'><strong><em>αὐτὸν</em></strong></span> <span class='ocrx_word' id='word_1_319' title='bbox 916 3382 958 3431; x_wconf 70' lang='grc' dir='ltr'>ἐπὶ</span> <span class='ocrx_word' id='word_1_320' title='bbox 974 3383 1050 3430; x_wconf 74' lang='grc' dir='ltr'>πᾶσιν</span> <span class='ocrx_word' id='word_1_321' title='bbox 1065 3381 1199 3443; x_wconf 67' lang='lat' dir='ltr'>’Mnasias</span> <span class='ocrx_word' id='word_1_322' title='bbox 1210 3385 1269 3447; x_wconf 81' lang='grc' dir='ltr'>τιθῇ</span> 
     </span>
    </p>

    <p class='ocr_par' dir='ltr' id='par_1_11' title="bbox 154 3459 332 3498">
     <span class='ocr_line' id='line_1_36' title="bbox 154 3459 332 3498; baseline 0 -3"><span class='ocrx_word' id='word_1_323' title='bbox 154 3459 155 3464; x_wconf 73' lang='grc'>’</span> <span class='ocrx_word' id='word_1_324' title='bbox 234 3463 256 3498; x_wconf 83' lang='grc' dir='ltr'>κ.</span> <span class='ocrx_word' id='word_1_325' title='bbox 270 3463 294 3496; x_wconf 82' lang='grc' dir='ltr'>τ.</span> <span class='ocrx_word' id='word_1_326' title='bbox 325 3482 332 3496; x_wconf 93' lang='grc'><strong>.</strong></span> 
     </span>
    </p>

    <p class='ocr_par' dir='ltr' id='par_1_12' title="bbox 142 3509 1273 3835">
     <span class='ocr_line' id='line_1_37' title="bbox 142 3509 1273 3577; baseline 0.007 -19"><span class='ocrx_word' id='word_1_327' title='bbox 142 3555 143 3558; x_wconf 75' lang='grc'>,</span> <span class='ocrx_word' id='word_1_328' title='bbox 299 3509 333 3560; x_wconf 91' lang='lat' dir='ltr'>de</span> <span class='ocrx_word' id='word_1_329' title='bbox 343 3509 464 3572; x_wconf 74' lang='lat' dir='ltr'>singolis.</span> <span class='ocrx_word' id='word_1_330' title='bbox 503 3512 521 3538; x_wconf 91' lang='grc'>“</span> <span class='ocrx_word' id='word_1_331' title='bbox 530 3511 583 3561; x_wconf 84' lang='lat' dir='ltr'>Hoc</span> <span class='ocrx_word' id='word_1_332' title='bbox 593 3511 629 3561; x_wconf 83' lang='lat' dir='ltr'>ad</span> <span class='ocrx_word' id='word_1_333' title='bbox 637 3511 728 3562; x_wconf 70' lang='lat' dir='ltr'>iudiciis</span> <span class='ocrx_word' id='word_1_334' title='bbox 734 3511 823 3576; x_wconf 76' lang='lat' dir='ltr'>populi</span> <span class='ocrx_word' id='word_1_335' title='bbox 835 3512 947 3576; x_wconf 76' lang='lat' dir='ltr'>pertimt,</span> <span class='ocrx_word' id='word_1_336' title='bbox 962 3527 993 3561; x_wconf 84' lang='lat' dir='ltr'>ne</span> <span class='ocrx_word' id='word_1_337' title='bbox 1009 3511 1124 3577; x_wconf 82' lang='lat' dir='ltr'>decapite</span> <span class='ocrx_word' id='word_1_338' title='bbox 1137 3514 1205 3575; x_wconf 83' lang='lat' dir='ltr'>civis,</span> <span class='ocrx_word' id='word_1_339' title='bbox 1219 3516 1273 3566; x_wconf 77' lang='lat' dir='ltr'>nisi</span> 
     </span>
     <span class='ocr_line' id='line_1_38' title="bbox 234 3575 1269 3708; baseline 0.006 -19"><span class='ocrx_word' id='word_1_340' title='bbox 234 3575 1269 3708; x_wconf 51' lang='lat' dir='ltr'>⁶·⁶·’n252&#39;21’plluhlltttffitubattuerentur„</span> 
     </span>
     <span class='ocr_line' id='line_1_39' title="bbox 233 3705 1271 3772; baseline 0.005 -17"><span class='ocrx_word' id='word_1_341' title='bbox 233 3722 324 3756; x_wconf 71' lang='lat' dir='ltr'>cennas.</span> <span class='ocrx_word' id='word_1_342' title='bbox 347 3705 467 3754; x_wconf 81' lang='lat' dir='ltr'>Similiter</span> <span class='ocrx_word' id='word_1_343' title='bbox 485 3719 503 3756; x_wconf 87' lang='lat'>1.</span> <span class='ocrx_word' id='word_1_344' title='bbox 525 3709 545 3766; x_wconf 68' lang='grc' dir='ltr'>ἕ.</span> <span class='ocrx_word' id='word_1_345' title='bbox 562 3707 600 3771; x_wconf 88' lang='lat'>36.</span> <span class='ocrx_word' id='word_1_346' title='bbox 624 3707 683 3758; x_wconf 77' lang='lat' dir='ltr'>fuse</span> <span class='ocrx_word' id='word_1_347' title='bbox 701 3708 858 3772; x_wconf 55' lang='lat' dir='ltr'>&amp;disputare</span> <span class='ocrx_word' id='word_1_348' title='bbox 874 3708 972 3769; x_wconf 66' lang='lat' dir='ltr'>denar,</span> <span class='ocrx_word' id='word_1_349' title='bbox 985 3709 1031 3772; x_wconf 84' lang='lat' dir='ltr'>qui</span> <span class='ocrx_word' id='word_1_350' title='bbox 1047 3708 1155 3760; x_wconf 69' lang='lat' dir='ltr'>dmersas</span> <span class='ocrx_word' id='word_1_351' title='bbox 1165 3726 1203 3760; x_wconf 79' lang='lat' dir='ltr'>res</span> <span class='ocrx_word' id='word_1_352' title='bbox 1220 3727 1271 3760; x_wconf 74' lang='lat' dir='ltr'>raon</span> 
     </span>
     <span class='ocr_line' id='line_1_40' title="bbox 233 3770 652 3835; baseline 0.005 -13"><span class='ocrx_word' id='word_1_353' title='bbox 233 3788 294 3822; x_wconf 77' lang='lat' dir='ltr'>sam</span> <span class='ocrx_word' id='word_1_354' title='bbox 303 3770 458 3835; x_wconf 77' lang='lat' dir='ltr'>distinguit.&#39;’</span> <span class='ocrx_word' id='word_1_355' title='bbox 492 3772 580 3824; x_wconf 90' lang='lat' dir='ltr'>Feldh.</span> <span class='ocrx_word' id='word_1_356' title='bbox 650 3783 652 3786; x_wconf 82' lang='lat'>&#39;</span> 
     </span>
    </p>
   </div>
   <div class='ocr_carea' id='block_1_6' title="bbox 0 0 1420 4320">
    <p class='ocr_par' dir='ltr' id='par_1_13' title="bbox 0 0 1420 4320">
     <span class='ocr_line' id='line_1_41' title="bbox 0 0 1420 4320; baseline 0 0"><span class='ocrx_word' id='word_1_357' title='bbox 0 0 1420 4320; x_wconf 95' lang='lat' dir='ltr'> </span> 
     </span>
    </p>
   </div>
  </div>
 </body>
</html>
