2754 4322
210 347 254 410 44
610 325 788 396 CICERO
878 393 880 396 .

211 488 433 555 Academiam
449 497 483 554 et
507 488 676 554 Zenonem
703 489 828 555 datum.
894 487 967 554 Art.
1012 487 1090 572 Quo
1111 483 1253 551 tandem

213 593 298 657 istuc
322 591 447 657 modo?
511 590 563 656 M.
619 590 709 674 Quia
735 591 779 656 de
804 612 926 657 renna
946 591 1056 657 solum
1078 588 1252 662 dissident,

213 695 257 760 de
285 695 402 760 ceteris
433 693 569 759 mirifice
598 700 792 778 congruunt
859 694 931 760 Aet.
987 693 1058 758 Ain
1086 689 1253 758 tandem?

213 816 324 863 unane
349 806 400 863 est
425 797 534 862 solum
552 797 738 864 dissensio?
803 809 853 883 54.
898 797 949 864 M.
995 797 1092 881 Quae
1114 794 1250 880 quidem

168 915 188 982 '5
213 901 256 966 ad
286 920 357 965 rern
383 890 555 984 pertineat,
580 922 666 968 una:
714 885 838 985 quippe
876 921 954 966 cum
983 899 1111 984 antiqui
1140 917 1250 972 omne,

215 1003 306 1088 quod
329 1004 512 1068 secundum
529 1014 683 1069 naturam
706 1013 886 1087 essetque
908 1004 1096 1069 iuvaremur
1117 1002 1151 1065 in
1173 1001 1251 1075 vita,

215 1109 341 1172 bonum
367 1127 439 1172 esse
461 1108 674 1186 decreverint,
689 1107 745 1172 hic
767 1106 859 1172 nihil
876 1108 939 1172 nisi
960 1106 1052 1190 quod
1072 1105 1251 1170 honesturn

214 1218 302 1275 esset
327 1211 452 1294 putarit
477 1211 612 1277 bonum.
677 1212 750 1276 Art.
797 1211 936 1275 Parvam
960 1230 1039 1276 vero
1065 1217 1252 1274 controver-

98 1380 103 1390 ,
213 1315 298 1380 siam
328 1314 409 1379 dicis
439 1334 479 1378 ac
509 1334 575 1379 non
605 1335 691 1392 earn,
720 1334 806 1398 quae
838 1314 973 1378 dirimat
1002 1311 1133 1394 omnia!
1198 1309 1251 1374 M.

155 1435 202 1499 10¹
216 1417 322 1484 Probe
337 1417 473 1502 quidem
489 1419 637 1495 sentires,
652 1419 681 1481 si
697 1437 731 1484 re
746 1438 786 1482 ac
801 1438 868 1483 non
883 1416 991 1482 verbis
1007 1416 1214 1480 dissiderent.
1308 1422 1309 1426 ’

278 1520 376 1585 XXI.
412 1519 486 1585 Att.
525 1519 616 1603 Ergo
631 1520 806 1586 adsentiris
821 1520 992 1586 Antiocho
1006 1517 1158 1583 familiari
1173 1537 1252 1582 meo

211 1624 416 1707 -magistro
440 1623 529 1687 enim
552 1643 620 1687 non
646 1623 755 1689 audeo
774 1625 935 1702 dicere—,
959 1642 1103 1707 quocum
1123 1621 1194 1686 vixi
1216 1629 1252 1685 et

211 1727 269 1810 qui
296 1747 351 1790 me
365 1746 410 1790 ex
437 1727 557 1789 nostris
573 1746 680 1809 paene
705 1726 861 1791 convellit
875 1725 1016 1791 hortulis
1042 1724 1252 1806 deduxitque

214 1831 246 1894 in
270 1828 492 1892 Academiam
515 1828 723 1920 perpauculis
752 1829 912 1912 passibus.
993 1829 1045 1892 M.
1105 1827 1166 1892 Vir
1188 1827 1251 1891 iste

150 1949 185 2014 15
210 1921 273 1997 fuit
302 1930 357 1995 ille
386 1931 521 2014 quidem
548 1931 694 2015 prudens
718 1940 753 1998 et
778 1940 896 1997 acutus
922 1940 956 1997 et
982 1931 1017 1996 in
1042 1950 1104 1995 suo
1129 1949 1252 2012 genere

211 2033 377 2119 perfectus
401 2035 557 2118 mihique,
581 2042 620 2098 ut
644 2035 718 2111 scis,
745 2034 923 2113 familiaris,
948 2035 1026 2119 quoi
1049 2042 1163 2110 tamen
1186 2052 1251 2116 ego

277 2265 333 2316 nrn
343 2265 472 2316 tandem?
491 2266 575 2315 “You
595 2263 665 2315 do’nt
676 2280 720 2330 say
739 2262 802 2316 so?''
818 2265 938 2316 Tandem
956 2266 979 2316 is
989 2264 1058 2315 osten
1075 2279 1115 2314 em
1133 2263 1208 2329 loyed
1224 2264 1252 2314 in

211 2331 339 2448 ppepltions
350 2331 494 2446 pxpressing
509 2331 618 2396 surprise
634 2347 663 2381 or
679 2331 835 2396 impatience.
870 2347 920 2396 eg.
937 2331 1010 2382 Catil.
1025 2330 1047 2380 Ι.
1068 2341 1088 2380 1.
1110 2281 1253 2392 &nonaque

241 2410 350 2447 nem...

275 2475 364 2512 unane
376 2463 423 2512 eet
461 2461 531 2512 Bake
542 2459 646 2511 defends
657 2459 707 2510 this
718 2461 829 2524 reading,
843 2459 958 2525 showing
967 2459 1021 2511 that
1033 2460 1053 2510 it
1066 2481 1094 2504 =
1106 2473 1161 2510 une
1176 2459 1210 2510 de
1219 2473 1251 2510 re

210 2529 252 2578 eet
262 2525 402 2588 dissensio,
412 2526 495 2577 which
512 2542 581 2576 some
592 2525 676 2576 would
686 2526 818 2576 substitute
828 2525 868 2575 for
877 2526 905 2577 it.
924 2542 964 2592 cp.
977 2527 1071 2590 Philip.
1084 2538 1148 2576 vm.
1169 2535 1192 2590 5.
1209 2534 1247 2587 17.

274 2594 295 2652 5.
309 2591 350 2641 54.
387 2591 492 2654 antiqui
511 2604 597 2642 omne.
645 2590 725 2640 Halm
744 2591 806 2642 aiter
826 2591 903 2641 Bake.
922 2598 958 2656 cp.
972 2592 1002 2641 de
1018 2591 1077 2643 liin.
1100 2602 1143 2641 111.
1163 2593 1184 2652 B
1206 2589 1247 2654 36.

211 2669 269 2708 uss.
294 2656 358 2706 have
379 2669 478 2707 omnen
526 2656 632 2721 Antiqui
645 2657 791 2721 aann'qua
812 2657 953 2708 Academia.
999 2657 1063 2708 This
1086 2657 1201 2722 question
1227 2655 1251 2706 is

211 2720 339 2772 discussed
351 2721 384 2784 by
396 2720 492 2781 Cicero,
507 2721 533 2770 in
544 2721 593 2771 Bk.
607 2732 645 2771 w.
660 2723 690 2772 oi
697 2722 740 2772 the
750 2722 780 2771 de
788 2722 900 2772 lenanu.

275 2784 418 2835 nihilnisi.
461 2797 519 2836 uss,
533 2785 686 2838 omitnlhil.
703 2805 710 2820 ⁴
725 2787 776 2837 For
786 2786 902 2836 Parvum
921 2802 991 2838 some
1001 2787 1061 2838 read
1076 2786 1248 2848 Perparvam.

210 2852 281 2903 Bake
297 2851 391 2901 notioes
408 2849 450 2900 the
461 2851 533 2914 irony
548 2851 575 2900 in
590 2863 671 2912 νοτυς
692 2866 732 2916 cp.
759 2852 839 2913 Plato,
858 2853 919 2916 Rq).
942 2863 960 2902 1.
984 2863 1040 2916 339.
1062 2853 1091 2902 B.
1113 2852 1203 2915 σμικρά
1218 2869 1252 2914 γε

211 2921 269 2968 tuus
289 2917 425 2980 προσθήκη.
461 2916 513 2965 For
529 2915 572 2966 the
589 2931 659 2966 sense
679 2932 718 2981 cp.
739 2917 819 2969 Acad.
842 2928 872 2966 11.
897 2919 918 2978 ἓ.
946 2929 999 2981 132.
1055 2918 1164 2981 f‘omnis
1185 2917 1252 2966 ran'e

197 2985 275 3033 ¹m‘tee
291 2982 432 3046 definitione
446 2997 466 3031 s.
486 2981 544 3030 boni
560 2983 697 3031 continetur
702 2997 715 3042 ,·
737 2983 767 3032 de
783 2998 833 3047 qua
851 2983 897 3047 qui
911 2983 1033 3044 deniteat,
1055 2983 1084 3032 de
1101 2983 1171 3032 omrai
1186 2983 1253 3032 vitae

210 3043 456 3099 rationedisetlenrfi
1149 3061 1151 3066 ·

273 3113 394 3163 sentires.
432 3111 502 3162 Bake
513 3109 615 3160 defends
626 3111 669 3162 the
679 3127 702 3162 v.
717 3111 735 3161 l.
749 3111 840 3172 sentin,
855 3127 896 3162 see
906 3110 927 3169 ἕ.
943 3121 982 3176 52.
997 3129 1023 3162 n.

275 3178 414 3228 Antiocho.
451 3175 591 3226 Antiochus
607 3177 638 3226 of
653 3177 772 3238 Ascalon,
791 3178 863 3246 pupil
884 3176 913 3227 of
930 3177 1011 3228 Philo.
1053 3177 1097 3228 He
1115 3177 1206 3244 sought
1222 3184 1251 3227 to

210 3244 332 3295 reconcile
349 3244 392 3294 the
413 3243 482 3294 Stoic
500 3242 625 3292 doctrines
636 3242 698 3292 with
715 3242 827 3293 theseos
840 3242 883 3293 the
902 3244 1033 3308 Academy
1051 3259 1090 3308 cp.
1105 3245 1141 3293 ad
1154 3243 1246 3292 Famil.

211 3321 274 3358 x111.
290 3320 308 3358 1.
322 3310 400 3358 Acad.
421 3320 439 3358 1.
454 3310 475 3370 ς.
493 3320 528 3372 13.
565 3308 640 3357 Brut.
660 3319 700 3370 91.
736 3307 848 3370 (Preller,
862 3309 930 3359 Hist.
946 3309 1011 3360 Phil.
1025 3309 1046 3370 ς.
1060 3309 1140 3372 449.).
1177 3307 1250 3358 With

210 3373 338 3435 megietno
349 3391 388 3452 cp.
402 3376 422 3435 ἕ.
437 3386 476 3424 21.
810 3381 811 3384 ’

273 3438 394 3552 hilirtuhe.
431 3455 470 3504 cp.
487 3439 509 3500 5.
524 3450 563 3502 39.
577 3437 737 3488 convellitis
748 3437 775 3488 in
785 3438 895 3504 keeping
906 3438 967 3489 with
983 3438 1027 3490 the
1037 3438 1170 3503 metaphor
1184 3437 1249 3488 from

210 3511 278 3554 tram
306 3511 374 3553 antrn
395 3538 402 3554 .
547 3515 548 3519 ¹

168 3571 172 3582 ’
274 3519 401 3630 denuoi.
441 3568 500 3618 “all
518 3569 590 3619 bute
609 3585 639 3619 ve
679 3568 727 3619 lew
745 3566 840 3632 steps.”
874 3568 917 3618 An
936 3584 1087 3619 uncommon
1105 3584 1148 3619 use
1165 3568 1195 3618 oi
1207 3567 1252 3618 the

209 3634 318 3684 ablative
341 3631 518 3683 “intervallist‘
552 3635 650 3684 This'a
668 3634 743 3685 lative
761 3634 783 3682 is
794 3648 911 3684 common
930 3634 1038 3698 enough,
1053 3649 1080 3684 as
1101 3633 1190 3684 Feldh.
1211 3649 1249 3683 re·

150 3733 152 3738 ,
209 3700 301 3759 marks,
326 3698 352 3747 in
374 3698 447 3748 verbs
470 3698 499 3747 os
518 3699 637 3759 distance,
661 3715 724 3764 eg„
757 3699 825 3764 Verg.
848 3701 916 3750 AEn·
940 3709 979 3750 xl.
1006 3708 1062 3764 907.
1104 3699 1161 3750 The
1183 3698 1248 3750 Grlc

209 3765 318 3831 genitive
329 3764 423 3825 ὀλίγον,
442 3763 553 3813 “within
564 3780 580 3813 a
590 3763 681 3824 little,”
693 3778 751 3827 may
762 3763 794 3814 be
811 3764 952 3828 compared.

210 3895 229 3946 s
268 3829 324 3956 §vig
341 3828 402 3879 iate.
442 3827 525 3878 “The
541 3828 704 3894 philosopher
720 3843 771 3893 you
790 3829 902 3885 mention
919 3843 971 3879 was
989 3829 1009 3878 I
1019 3835 1101 3894 grant
1112 3843 1165 3891 you
1183 3828 1250 3880 &c·''

230 3911 258 3945 ee
284 3933 289 3944 .
321 3910 367 3944 .n.
