2818 4320
220 337 280 405 132
640 320 816 393 CICERO

215 482 303 550 vitio
327 487 460 566 caneto,
479 483 612 551 ceteris
632 483 815 566 specimen
836 485 926 550 esto.
992 480 1031 562 Q.
1076 477 1250 545 Praeclara

214 606 302 664 vero,
318 586 426 664 frater,
442 587 505 654 ista
520 588 577 653 lex
591 597 645 664 est,
661 586 721 652 sed
743 595 778 651 et
792 587 860 652 late
874 592 969 670 patet
983 593 1021 650 ut
1034 585 1116 650 vitio
1138 589 1250 648 careat

215 688 307 768 ordo,
321 698 356 760 et
370 710 540 755 censorem
556 699 695 774 quaerat
709 691 931 774 interpretem.
983 701 1033 768 29.
1075 687 1149 752 Aoo.
1187 684 1250 751 Ille

213 813 293 857 vero
308 794 370 858 etsi
384 802 462 859 tuus
477 802 529 859 est
544 802 636 860 totus
650 793 733 858 ordo
748 793 1037 876 gratissimamque
1052 790 1248 855 memoriam

174 907 190 976 5
217 896 336 961 retinet
361 897 551 962 consulatus
580 898 638 974 tui,
665 916 748 981 pace
783 904 843 960 tua
866 894 1018 971 dixerim,
1048 914 1116 958 non
1146 891 1249 958 modo

215 1018 376 1076 censores,
391 1001 451 1064 sed
466 1001 567 1065 etiarn
583 999 707 1064 iudices
722 1019 839 1064 omnes
853 1007 966 1082 potest
980 996 1172 1081 defatigare.

280 1103 382 1169 XIII.
425 1102 477 1169 M.
522 1103 652 1170 Omitte
674 1103 746 1180 ista,
759 1100 885 1166 Attice.
929 1102 1008 1166 Non
1023 1101 1112 1165 enim
1127 1098 1250 1164 dehoc

217 1214 335 1293 senatu
362 1227 423 1271 nec
447 1206 499 1270 his
522 1206 566 1271 de
588 1204 786 1282 hominibus,
810 1205 868 1288 qui
893 1225 982 1269 nunc
1007 1212 1093 1281 sunt,
1123 1203 1183 1268 sed
1206 1203 1251 1267 de

216 1307 342 1388 suturis,
366 1310 465 1393 siqui
492 1309 578 1374 sorte
602 1307 653 1372 his
678 1301 807 1391 legibus
830 1327 946 1391 parere
969 1307 1143 1384 voluerint,
1165 1306 1250 1371 haec

155 1425 195 1474 10
216 1409 358 1476 habetur
371 1413 485 1477 oratio.
529 1412 711 1476 Nemeum
725 1411 817 1474 omni
831 1410 913 1474 vitio
927 1431 1038 1475 carere
1052 1410 1110 1474 lex
1125 1409 1249 1488 iubeat,

215 1533 257 1577 ne
270 1515 382 1579 veniet
396 1513 532 1598 quidem
547 1515 582 1579 in
596 1534 673 1579 eum
696 1513 846 1578 ordinem
861 1513 1038 1598 quisquam
1052 1513 1124 1578 vitii
1148 1513 1251 1596 parti·

215 1635 301 1699 ceps.
368 1617 409 1681 Id
446 1625 559 1682 autem
596 1615 728 1681 difficile
759 1615 849 1682 lactu
877 1624 930 1682 est
958 1616 1022 1681 nisi
1050 1614 1250 1682 educatione

214 1719 360 1801 quadam
384 1727 418 1784 et
443 1718 625 1802 disciplina,
642 1719 686 1784 de
706 1739 774 1802 qua
788 1718 936 1784 dicemus
951 1719 1076 1803 aliquid
1098 1717 1249 1796 sortasse,

214 1822 242 1885 si
258 1821 337 1903 quid
353 1822 451 1886 luerit
466 1821 529 1886 loci
544 1830 602 1886 aut
617 1823 784 1906 temporis.
828 1839 878 1904 30.
922 1822 994 1888 Art.
1033 1822 1145 1887 Locus
1159 1831 1250 1888 certe

154 1936 189 2004 15
216 1944 283 1988 non
298 1924 411 2002 deerit,
426 1925 582 2008 quoniam
603 1933 697 1989 tenes
711 1925 861 1990 ordinem
877 1924 998 2008 legum,
1014 1933 1148 2009 ternpus
1169 1946 1250 1991 vero

214 2026 351 2110 largitur
365 2026 540 2112 longitudo
554 2027 628 2093 diei.
672 2028 749 2111 Ego
764 2035 886 2106 autem,
900 2029 1002 2092 etiam
1022 2030 1050 2093 si
1072 2031 1251 2113 praeterie-

215 2131 267 2207 ris,
291 2138 441 2214 repetam
464 2138 534 2199 ate
558 2132 659 2200 istum
674 2131 717 2198 de
741 2131 937 2197 educatione
960 2140 994 2196 et
1008 2130 1052 2197 de
1073 2132 1250 2216 disciplina

214 2232 333 2304 locum.
398 2234 450 2300 M.
493 2233 548 2299 Tu
571 2254 650 2298 vero
673 2242 708 2299 et
733 2225 849 2310 istum,
873 2229 998 2311 Attice,
1028 2237 1116 2299 etsi
1146 2255 1249 2318 quem

214 2335 315 2404 alium
341 2337 547 2421 praeteriero.
592 2335 710 2402 Cete'
756 2335 938 2416 specimen
959 2340 1049 2403 esto.
1095 2337 1249 2421 Quodsi

151 2455 193 2504 20
215 2449 362 2517 tenemus,
378 2449 531 2505 tenemus
554 2441 675 2508 omnia
757 2448 772 2504 t
795 2440 883 2503 enirn
906 2440 1144 2524 cupiditatibus
1160 2443 1249 2526 prin-

214 2542 325 2625 cipum
349 2551 384 2607 et
405 2541 494 2608 vitiis
520 2542 608 2609 infici
631 2541 717 2608 solet
746 2551 818 2608 tota
844 2543 971 2620 civitas,
1000 2544 1050 2608 sic
1077 2544 1247 2609 emendari

213 2651 248 2708 et
272 2644 389 2727 corrigi
415 2645 626 2711 continentia
668 2645 731 2710 Vir
754 2665 894 2729 magnus
918 2655 952 2711 et
975 2647 1070 2712 nobis
1092 2648 1247 2714 omnibus

277 2887 427 2939 sedstlate
437 2889 519 2950 peter.
556 2889 665 2941 Tumeb
680 2891 832 2940 saieclaterat
847 2896 871 2940 et
886 2897 916 2940 ut
932 2903 991 2943 uss.
1027 2891 1135 2956 Quintus
1153 2893 1247 2972 objects

213 2955 268 3006 that
278 2955 321 3006 the
331 2955 380 3004 law
399 2954 420 3003 is
431 2961 476 3004 too
485 2953 585 3019 general
596 2955 622 3003 in
643 2956 675 3005 its
686 2963 761 3006 terma
772 2955 830 3016 and,
851 2958 862 3004 i
888 2955 994 3021 adopted,
1016 2957 1101 3008 would
1119 2975 1217 3024 require
1232 2975 1247 3009 n

212 3036 300 3071 censor
320 3027 347 3070 to
364 3020 490 3085 interpret*
505 3019 532 3069 it.
575 3019 654 3070 Halm
671 3021 785 3071 brackets
804 3021 831 3070 et
875 3021 997 3072 ta-oruo
1018 3023 1046 3072 et
1067 3038 1095 3072 as
1119 3025 1203 3073 “anti

210 3082 760 3150 glossematefoaiota’'aud1endsquae1it.
792 3085 848 3135 The
866 3086 1031 3175 conjunctive,
1044 3088 1127 3139 which
1146 3089 1172 3138 V
1215 3105 1246 3140 en

213 3152 312 3211 retains,
326 3165 433 3214 conveys
444 3150 487 3200 the
497 3149 555 3199 idea
568 3150 585 3176 “
594 3150 617 3200 if
624 3166 663 3201 we
673 3166 738 3201 were
749 3157 776 3201 to
786 3151 864 3215 adopt
874 3151 911 3201 ic’

276 3217 297 3276 5.
316 3215 358 3268 29.
391 3216 454 3264 tuus
469 3216 511 3264 ent
526 3215 605 3266 ntra
646 3231 687 3281 cp.
698 3223 745 3280 pro
761 3216 842 3276 Sestio,
862 3231 919 3281 cpp.
941 3227 980 3267 xa
1002 3228 1065 3279 xm,
1086 3218 1170 3270 where
1186 3219 1208 3270 it
1225 3219 1247 3272 is

212 3280 267 3330 said
278 3281 331 3330 that
342 3281 384 3331 the
394 3279 477 3330 whole
488 3279 581 3330 Senate
590 3288 656 3331 went
667 3281 720 3330 into
731 3281 863 3344 mouming
873 3297 906 3331 on
917 3281 957 3332 his
967 3291 1079 3334 account.

277 3344 302 3394 el
312 3345 358 3406 qul
368 3345 443 3395 forte.
479 3360 518 3409 cp.
534 3347 641 3408 1517.
677 3346 766 3396 Cicero
782 3345 828 3395 has
839 3345 912 3396 Plato
930 3347 1010 3413 (legg.
1024 3360 1064 3400 V1.
1087 3357 1143 3414 751.
1165 3351 1203 3413 2.)
1220 3350 1248 3401 in

213 3409 284 3459 mind
294 3409 353 3459 here
363 3411 413 3460 and
424 3411 451 3459 in
461 3410 529 3460 what
538 3410 643 3461 follows.

277 3475 298 3534 5.
318 3475 359 3525 80.
395 3473 514 3524 ordinem
524 3474 620 3536 lom.
657 3474 783 3540 Probably
798 3474 873 3526 relers
883 3482 911 3526 to
928 3488 998 3528 some·
1016 3485 1073 3543 part
1091 3478 1123 3529 of
1137 3477 1247 3530 Cicero’s

212 3537 342 3600 Republlo
359 3539 441 3590 which
452 3540 497 3589 has
516 3548 560 3590 not
579 3556 651 3591 come
660 3540 735 3591 down
747 3547 774 3591 to
785 3556 828 3602 us;
845 3542 1085 3594 Creuzerrenarks:
1105 3545 1246 3594 “Eundem

212 3603 387 3654 deoducatione
403 3612 425 3654 et
434 3605 563 3670 disciplina
574 3606 653 3655 locrom
671 3622 689 3655 a
699 3607 809 3671 Scipione
824 3607 853 3655 in
869 3607 939 3656 libris
948 3608 978 3656 rie
991 3609 1122 3673 Republica
1135 3610 1248 3674 postulat

217 3669 309 3719 Tubero
319 3669 358 3728 (de
366 3670 425 3733 Rep.
444 3680 475 3720 11.
490 3669 589 3721 xxxviii.
602 3668 673 3732 64).”
690 3687 729 3736 cp.
743 3682 763 3722 1.
776 3673 797 3732 5.
812 3683 851 3722 20.
864 3671 1009 3734 longitudo.
1024 3684 1054 3724 11.
1068 3675 1089 3735 5.
1103 3673 1145 3737 ⁶9.

276 3733 445 3794 nunnae.
467 3733 576 3784 cauria
623 3735 738 3786 Lambin.
748 3739 851 3801 proterat
860 3749 919 3787 uss.
934 3740 1059 3802 prunerii.
1085 3739 1182 3791 Carent.
1202 3739 1246 3790 old

211 3798 326 3916 {ditipna
340 3798 365 3847 nl
375 3800 502 3850 muamus.
525 3799 602 3851 Bake.
623 3812 682 3851 uss.
699 3802 733 3852 do
742 3809 788 3853 not
804 3809 889 3868 repeat
899 3802 942 3854 the
952 3804 1013 3853 verb
1024 3820 1032 3854 r
1042 3804 1066 3854 si
1073 3811 1114 3866 est,
1127 3812 1243 3858 teneras.

232 3871 342 3928 tepens.
