2818 4320
240 273 303 340 126
580 279 582 284 '
629 269 807 340 CICERO

180 498 183 504 .
236 442 346 500 torum
368 431 594 498 inflammatus
616 431 787 498 furoribus.
841 431 953 516 Quam
982 423 1027 496 ob
1052 451 1122 497 rem
1146 420 1181 496 in
1207 433 1274 498 ista

236 537 372 621 quidem
387 555 423 600 re
436 534 650 602 vehementer
665 535 793 601 Sullam
809 535 922 619 probo,
938 536 995 619 qui
1009 535 1149 601 tribunis
1164 535 1272 620 plebis

235 660 297 704 sua
322 639 396 723 lege
421 639 557 703 iniuriae
580 638 751 705 faciendae
772 647 974 723 potestatem
997 638 1167 716 ademerit,
1187 659 1272 704 aux-

237 743 284 807 ilii
313 742 439 806 ferendi
468 741 644 825 reliquerit,
679 743 942 827 Pompeiumque
971 750 1121 806 nostrum
1151 743 1271 807 ceteris

195 861 212 929 5
237 846 335 912 rebus
361 845 515 910 omnibus
540 866 671 929 semper
694 844 905 929 amplissimis
931 846 1136 930 summisque
1161 846 1271 911 ecfero

235 948 399 1026 laudibus,
415 948 459 1012 de
483 948 657 1013 tribunicia
672 957 839 1032 potestate
853 957 973 1027 taceo;
995 968 1056 1013 nec
1081 949 1170 1014 enim
1197 970 1271 1033 rep-

237 1053 418 1118 rehendere
432 1051 513 1116 libet
528 1071 589 1116 nec
604 1051 739 1116 laudare
754 1072 898 1134 possum.

303 1157 344 1240 X·
381 1169 431 1235 23.
495 1155 549 1220 M.
592 1155 684 1219 Vitia
712 1155 849 1239 quidem
878 1155 1064 1220 tribunatus
1093 1154 1269 1238 praeclare,

236 1259 371 1344 Quinte,
387 1259 553 1342 perspicis,
568 1257 628 1322 sed
655 1266 706 1322 est
731 1258 844 1341 iniqua
859 1258 893 1321 in
919 1259 1010 1322 omni
1025 1279 1061 1322 re
1083 1258 1270 1324 accusanda

174 1380 215 1431 10
236 1349 474 1447 praetermissis
500 1361 596 1425 bonis
626 1360 789 1426 malorum
818 1361 1023 1425 enumeratio
1047 1361 1270 1445 vitiorumque

235 1465 378 1531 selectio.
422 1464 512 1528 Nam
528 1464 592 1528 isto
607 1464 741 1546 quidem
757 1463 858 1528 modo
872 1463 925 1528 vel
936 1463 1126 1528 consulatus
1141 1466 1269 1548 vitupe-

236 1570 299 1634 rari
323 1575 443 1652 potest,
459 1567 486 1630 si
502 1565 684 1642 consulum,
700 1586 784 1649 quos
807 1586 1000 1631 enumerare
1022 1567 1108 1645 nolo,
1131 1577 1270 1651 peccata

235 1671 414 1754 collegeris.
447 1669 523 1752 Ego
538 1670 626 1732 enim
642 1668 749 1734 fateor
763 1671 797 1733 in
812 1670 876 1734 ista
891 1670 964 1753 ipsa
980 1678 1148 1753 potestate
1162 1672 1269 1736 inesse

235 1774 396 1858 quiddam
420 1772 507 1848 mali,
534 1772 593 1836 sed
616 1772 751 1850 bonum,
768 1773 858 1856 quod
883 1781 934 1837 est
948 1775 1136 1856 quaesitum
1162 1776 1266 1852 inea,

175 1893 211 1962 15
236 1879 307 1942 sine
337 1877 401 1940 isto
431 1874 520 1938 malo
550 1896 616 1939 non
645 1874 1010 1941 haberemus-Nimia
1039 1884 1189 1960 potestas
1218 1888 1269 1943 est

237 1980 443 2046 tribunorum
467 1976 701 2061 plebis—Quis
725 1979 849 2062 negat?
871 1979 931 2044 sed
952 1980 1002 2044 vis
1024 1981 1139 2064 populi
1162 1982 1268 2047 multo

235 2083 363 2148 saevior
373 2081 545 2164 multoque
553 2081 788 2159 vehementior,
804 2101 899 2165 quae,
916 2082 1035 2147 ducem
1050 2084 1141 2167 quod
1156 2083 1267 2162 habet,

236 2187 402 2252 interdum
432 2184 536 2249 lenior
564 2193 623 2262 est,
650 2205 752 2268 quam
781 2185 809 2248 si
839 2184 967 2249 nullum
995 2184 1140 2252 haberet
1186 2188 1269 2252 Dux

235 2292 323 2356 enim
349 2309 410 2354 suo
433 2309 467 2352 se
487 2289 632 2373 periculo
656 2287 810 2373 progredi
836 2289 970 2371 cogitat,
985 2289 1099 2373 populi
1123 2291 1268 2376 impetus

171 2412 214 2461 20
235 2393 370 2481 periculi
397 2392 559 2457 rationem
586 2392 637 2457 sui
653 2412 719 2456 non
742 2390 852 2457 habet
918 2409 968 2476 24.
1013 2392 1064 2457 At
1088 2393 1268 2478 aliquando

233 2655 313 2708 belua
342 2655 478 2704 multatam
504 2651 676 2702 nummatis
698 2653 839 2716 furoribus.
870 2669 910 2719 cp.
942 2657 963 2716 ἕ.
997 2655 1036 2707 26.
1072 2658 1270 2715 “multitudinis

226 2721 338 2788 fiarentir
355 2719 521 2768 inflamnm
537 2716 671 2778 invidia,”
690 2718 741 2767 and
756 2725 804 2782 pra
819 2720 899 2780 Sestio,
913 2731 1012 2771 xxxw.
1035 2731 1074 2786 73.
1100 2725 1177 2774 “vim
1187 2728 1272 2790 sitisse

234 2788 314 2846 silam,
319 2784 455 2850 flammam
466 2789 593 2846 quassatae
601 2781 678 2845 reip.”

301 2849 411 2900 sunam
447 2848 502 2898 The
513 2848 553 2897 lex
563 2845 687 2896 cornelia
697 2847 816 2912 deprived
827 2848 870 2898 the
881 2849 1004 2900 Tribunes
1015 2851 1045 2901 of
1052 2852 1116 2902 their
1130 2853 1269 2918 legislative

237 2917 368 2976 iunctions,
380 2920 406 2964 at
416 2912 459 2963 the
472 2914 577 2963 Comitia
593 2914 618 2962 Τ
612 2913 700 2972 ribato,
715 2913 764 2962 and
776 2913 890 2977 imposed
900 2916 1070 2967 considerable
1077 2920 1228 2971 restrictions
1234 2939 1269 2973 on

237 2984 280 3036 the
291 2980 399 3032 exercise
409 2978 438 3028 of
448 2977 512 3028 their
523 2978 589 3042 right
599 2977 627 3027 of
640 2979 752 3038 actalius
766 2979 935 3041 intercedendi)
952 2981 1003 3030 and
1019 2982 1049 3031 of
1060 2983 1166 3049 holding
1176 3003 1268 3037 assem-

237 3049 300 3099 blies
318 3045 481 3111 (agmdicum
493 3043 594 3107 popula)
607 3044 697 3107 (Long,
711 3043 769 3093 Vol.
784 3056 815 3094 11.
839 3060 861 3094 c.
883 3046 978 3106 xxviii,
1001 3047 1150 3111 Mommsen,
1174 3052 1203 3101 Β.
1226 3064 1267 3104 lv,

173 3121 179 3136 ·
235 3130 258 3165 c.
286 3113 332 3174 rc).
368 3110 424 3160 The
445 3109 606 3158 Tribunician
627 3124 684 3172 prer
733 3108 794 3158 rives
817 3124 883 3159 were
908 3113 1018 3161 restored
1039 3114 1129 3180 during
1151 3116 1194 3166 the
1215 3117 1270 3169 first

238 3177 389 3254 Consulship
401 3175 430 3225 of
438 3174 571 3238 Pompeius
583 3173 626 3234 (U.
644 3174 671 3223 C.
685 3173 701 3222 6
718 3173 762 3234 4).
948 3225 949 3228 Ἴ

302 3245 403 3292 ostem
440 3240 539 3289 Ernesti
556 3239 619 3303 conj.
642 3239 670 3288 in
689 3240 769 3288 ceteris
774 3252 786 3298 ;
810 3238 880 3288 Bake
897 3241 1007 3291 remarks
1025 3241 1079 3294 that
1098 3244 1141 3294 the
1160 3246 1271 3300 ablative

236 3309 282 3358 has
304 3308 347 3357 the
368 3306 434 3356 force
456 3305 486 3355 of
498 3311 604 3368 propter.
652 3303 740 3354 Feldh.
765 3318 894 3368 compares
917 3317 960 3355 111.
982 3307 1004 3366 ἕ.
1027 3318 1063 3372 15.
1103 3311 1182 3375 ‘regis
1202 3314 1271 3363 vitiis

237 3373 392 3438 repudiatum
402 3369 447 3420 est’
458 3371 508 3419 and
520 3369 591 3419 other
601 3385 724 3434 passages,
739 3369 797 3428 (See
810 3369 922 3434 Madvig,
935 3372 965 3420 L.
983 3373 1011 3422 G.
1025 3375 1045 3432 §-
1060 3374 1126 3437 256).

300 3440 321 3497 §-
340 3438 380 3486 2³.
416 3433 562 3496 vituperari
571 3435 664 3496 potest.
702 3434 780 3482 Halm
792 3434 854 3483 aiter
865 3435 953 3486 Feldh
968 3435 1159 3498 vituperabilis.
1185 3442 1256 3507 Vulg.

302 3502 356 3550 ista
373 3500 438 3561 ipsa
475 3501 545 3550 Bake
564 3499 676 3586 explains
686 3499 761 3560 ipss:
785 3500 853 3563 “per
869 3517 899 3562 se,
919 3517 969 3551 non
986 3505 1141 3554 consilinatis
1155 3510 1271 3573 exemplis

236 3568 390 3632 singularum
402 3565 598 3628 (tribunorum)

259 3675 272 3702 ¹
301 3644 349 3681 suo
367 3643 403 3680 se.
439 3642 496 3680 MSS.
519 3631 581 3680 omit
599 3646 640 3690 se,·
661 3629 700 3680 ior
716 3628 786 3691 quod
802 3630 872 3679 habat
890 3630 969 3681 Halm
986 3633 1078 3697 prefers
1094 3635 1186 3688 Bake's
1202 3639 1267 3704 conj.

236 3713 321 3822 qmlfiu.
341 3761 381 3811 24.
417 3759 521 3808 At-ut
536 3758 649 3820 quidem
705 3776 744 3848 cp.
779 3759 859 3810 ’Δλλὰ
888 3762 917 3821 νὴ
944 3762 1134 3828 Δία-καί-γε.
1195 3770 1271 3819 “But

237 3829 345 3895 perhaps
362 3843 412 3892 you
430 3825 483 3876 will
500 3826 645 3888 say-Yesl
661 3823 738 3877 and’
756 3837 774 3875 1.
789 3827 809 3886 ἓ.
823 3825 888 3878 6.·n.
923 3827 1068 3895 According
1079 3838 1105 3882 to
1116 3833 1230 3899 Madvig,
1249 3841 1272 3884 et
