2754 4322
494 251 565 349 nn
587 284 814 352 necinus
1115 304 1155 370 39

118 441 288 508 omnium:
325 443 444 525 quoius
466 442 637 510 blanditiis
651 447 805 531 corrupti,
820 467 908 530 quae
929 453 1049 514 natura
1067 447 1156 513 bona

116 552 204 624 sunt,
220 546 298 630 quia
318 547 494 613 dulcedine
508 546 572 612 hac
593 557 629 613 et
652 549 764 614 scabie
790 559 912 630 carent,
928 571 997 616 non
1017 560 1157 617 cernunt

115 650 207 714 satis.
355 653 358 659 '

182 752 315 819 XVIII.
359 755 410 837 48.
456 753 622 836 Sequitur,
646 763 684 830 ut
703 756 859 822 conclusa
883 757 963 822 mihi
983 758 1051 822 iam
1073 757 1157 823 haec
1255 807 1264 825 .

115 857 161 922 sit
175 857 284 922 omnis
307 858 422 935 oratio,
439 856 473 920 id
496 857 587 939 quod
602 866 682 922 ante
703 858 816 926 oculos
843 881 888 926 ex
911 862 951 926 iis
980 870 1040 939 est,
1069 882 1155 946 quae
1201 876 1216 942 5

116 959 317 1037 dictasunt,
345 967 380 1024 et
408 959 459 1024 ius
483 967 518 1024 et
533 980 632 1025 omne
655 960 833 1027 honestum
859 983 920 1029 sua
937 973 1058 1048 sponte
1083 984 1156 1029 esse

116 1064 355 1148 expetendum.
411 1063 547 1127 Etenim
574 1084 691 1128 omnes
715 1065 775 1130 viri
801 1065 880 1130 boni
906 1068 1013 1150 ipsam
1043 1070 1156 1152 aequi-

115 1176 223 1232 tatem
250 1176 285 1231 et
309 1167 360 1231 ius
374 1167 495 1250 ipsum
514 1175 638 1245 amant,
650 1187 717 1231 nec
738 1176 790 1232 est
814 1169 875 1233 viri
898 1169 977 1233 boni
993 1191 1100 1236 errare
1122 1180 1156 1237 et

115 1271 256 1355 diligere
280 1269 370 1354 quod
385 1291 444 1353 per
466 1291 504 1335 se
518 1290 586 1336 non
600 1271 644 1336 sit
669 1271 898 1354 diligendum:
921 1293 1031 1355 perse
1057 1274 1157 1356 igitur

63 1446 68 1458 ‚
116 1373 168 1437 ius
195 1381 247 1438 est
262 1373 488 1456 expetendum
504 1382 538 1439 et
561 1372 747 1439 colendum.
792 1373 894 1458 Quod
916 1376 945 1439 si
971 1375 1030 1451 ius,
1054 1377 1155 1440 etiam
1182 1395 1220 1442 10

117 1476 243 1541 iustitia
256 1496 266 1555 ;
287 1477 338 1541 sin
355 1498 403 1554 ea,
419 1476 563 1560 reliquae
578 1498 712 1562 quoque
725 1479 864 1544 virtutes
879 1491 986 1564 perse
996 1478 1155 1544 colendae

116 1587 204 1644 sunt.
249 1580 363 1664 Quid?
386 1580 564 1646 liberalitas
578 1583 767 1664 gratuitane
782 1591 833 1647 est
847 1603 891 1647 an
908 1583 1155 1648 mercennaria?

118 1683 155 1750 Si
169 1684 241 1748 sine
255 1685 403 1768 praemio
418 1684 581 1768 benignus
597 1694 656 1762 est,
671 1686 833 1769 gratuita3
855 1687 883 1751 si
898 1708 976 1752 cum
992 1687 1152 1766 mercede,

10 1851 18 1874 ‚
116 1786 303 1854 conducta:
340 1808 401 1852 nec
431 1797 483 1853 est
512 1787 651 1852 dubium
675 1789 754 1870 quin
781 1789 817 1867 is,
845 1791 903 1873 qui
929 1790 1073 1856 liberalis
1095 1791 1153 1856 be-

116 1891 277 1974 nignusve
317 1890 445 1969 dicitur,
486 1891 640 1968 officium,
683 1912 751 1956 non
794 1892 937 1958 fructum
987 1904 1152 1979 sequatur.
1180 1908 1216 1974 15

115 1994 209 2078 Ergo
232 1994 313 2059 item
337 1994 463 2059 iustitia
487 1993 568 2058 nihil
581 1996 725 2078 'expetit
749 1997 896 2078 praemii,
926 1995 1008 2060 nihil
1037 1999 1154 2081 pretii:

180 2275 301 2323 cernunt
351 2273 407 2323 “sc.
432 2271 540 2322 111111111”
563 2273 664 2323 Davies.
690 2286 748 2324 1111.
773 2273 838 2325 have
866 2281 1011 2325 cernuntur.
1058 2275 1155 2326 Go'renz

114 2337 201 2389 thinks
212 2338 266 2388 that
277 2337 365 2388 scabie
376 2339 451 2388 refers
463 2345 490 2388 to
506 2338 550 2388 the
561 2339 701 2404 Epicurean
712 2339 800 2407 theory
810 2340 841 2389 ol
847 2340 961 2405 pleasure
970 2343 1150 2404 γαργαλισμὺς.

113 2420 156 2469 cp.
170 2405 191 2463 ἓ.
206 2416 244 2466 31.
260 2404 340 2453 Plato.
355 2404 446 2453 Philet.
463 2403 503 2465 46.
518 2420 567 2468 sqq.
624 2461 625 2466 ¹
732 2457 738 2472 ‚

180 2470 214 2528 ἕξ.
239 2468 346 2518 48-52.
394 2470 418 2517 Α
441 2469 535 2519 further
553 2467 628 2533 proof
642 2468 696 2519 that
715 2469 755 2518 ius
771 2475 793 2518 et
808 2485 880 2519 omne
895 2469 1021 2519 honestum
1038 2470 1060 2520 is
1076 2478 1103 2522 to
1122 2472 1154 2523 be

112 2533 224 2600 pursued
243 2533 331 2583 forits
350 2549 407 2583 own
426 2533 494 2594 sake,
509 2534 530 2584 is
548 2541 575 2583 to
585 2534 617 2584 be
634 2533 712 2583 found
730 2535 757 2583 in
768 2534 812 2584 the
822 2535 872 2584 fact
890 2535 945 2584 that
955 2535 990 2584 all
1008 2537 1075 2600 good
1094 2553 1152 2588 men

112 2601 150 2649 do
172 2614 208 2648 so.
245 2598 301 2648 Ibe
322 2599 390 2648 truth
411 2599 441 2648 of
459 2599 508 2648 this
530 2606 663 2648 statement
684 2599 705 2648 is
725 2600 812 2649 shown
829 2601 855 2648 111
873 2599 915 2650 the
935 2616 992 2650 case
1011 2602 1039 2651 of
1058 2604 1153 2652 several

112 2663 203 2725 nithe
222 2663 321 2714 virtues.
358 2664 464 2728 Finally,
483 2663 597 2714 ifvlrtue
608 2680 673 2714 were
689 2664 779 2728 sought
795 2665 833 2728 for
844 2666 886 2716 the
907 2665 968 2716 sake
987 2666 1017 2716 oi
1031 2669 1153 2733 anything

111 2730 174 2790 else,
199 2728 270 2779 there
290 2729 376 2778 would
396 2729 428 2778 be
456 2729 598 2794 something
618 2730 699 2780 better
720 2730 781 2780 than
802 2731 959 2782 virtue-but
981 2733 1030 2783 this
1052 2734 1104 2784 line
1126 2735 1156 2784 ol
1247 2734 1248 2738 ’

110 2801 245 2860 argument
256 2793 340 2844 would
351 2794 407 2843 lead
418 2794 554 2859 insensibly
564 2801 591 2844 to
602 2812 618 2845 a
628 2795 764 2846 discussion
776 2796 910 2862 definitus.

180 2861 201 2920 5.
215 2860 260 2910 48.
293 2858 426 2920 Sequitur.
473 2861 523 2910 “It
545 2861 650 2921 follows,
676 2861 775 2927 (thart
798 2878 855 2926 may
872 2879 930 2912 now
951 2861 1025 2928 bring
1045 2863 1080 2913 all
1101 2864 1151 2914 this

109 2925 252 2976 discussion
271 2931 298 2974 to
309 2941 325 2973 a
336 2924 411 2986 close)
424 2923 478 2976 that
489 2925 552 2976 both
565 2927 632 2975 “ius
646 2933 681 2976 cet
688 2924 761 2987 ;”-a
771 2926 821 2978 lact
830 2927 913 2978 which
924 2927 945 2978 is
955 2929 1071 2978 manifest
1086 2927 1150 2978 from

41 2994 45 3001 “
110 2992 169 3042 that
180 2990 263 3041 which
274 2987 339 3041 &cst'

180 3055 296 3106 Etenim.
333 3054 472 3118 Feldhr'igel
485 3055 596 3105 remarks
609 3056 699 3106 “Licet
713 3055 873 3122 conclusas-It
882 3057 1076 3121 dt'sputationmt,
1090 3073 1151 3106 novo

109 3129 197 3172 tamen
208 3127 352 3185 argumento
362 3121 424 3169 rilem
435 3120 582 3186 confirmare
590 3123 738 3186 aggreditur.
743 3120 757 3146 ’³

179 3184 273 3247 ipsam.
312 3187 409 3250 “apert
428 3185 492 3235 from
503 3185 575 3236 other
591 3185 696 3251 things”
713 3189 757 3238 ic.
781 3187 845 3236 “lor
864 3186 895 3236 its
912 3202 970 3236 own
987 3185 1074 3236 sake.”
1101 3203 1147 3254 cp.

125 3289 132 3302 .
167 3264 188 3300 1.
202 3267 229 3300 n.
483 3285 485 3290 -

109 3253 124 3312 ἓ
145 3265 164 3313 4
180 3329 268 3365 011111
279 3318 307 3364 st
317 3314 435 3378 diIIgsre.
472 3315 542 3366 Bake
557 3316 669 3369 remarks
680 3316 735 3367 that
751 3316 820 3366 these
835 3317 908 3366 verbs
924 3317 1075 3381 correspond
1090 3319 1152 3371 with

113 3381 262 3444 ἁμαρτάνειν
271 3381 321 3430 and
332 3382 477 3446 reperiendae
488 3382 518 3432 of
525 3382 567 3432 the
579 3382 660 3432 Stoics
673 3399 681 3442 ;
696 3382 739 3432 the
751 3381 820 3432 Stoic
831 3397 889 3446 suge
901 3381 922 3431 is
933 3382 1107 3445 ἀναμάρτητος.

180 3445 274 3498 ulnae.
310 3447 417 3506 Vahlen,
437 3447 500 3496 alter
515 3447 616 3497 Decies
653 3459 710 3496 MSS.
730 3447 793 3496 have
812 3446 848 3496 sit
863 3446 895 3494 in
910 3460 950 3496 aa.
986 3449 1066 3498 Halm
1082 3450 1147 3515 conj.

113 3511 139 3560 11
152 3509 268 3573 justitia
305 3512 375 3562 Bake
391 3511 416 3562 11
431 3512 498 3561 haec
514 3511 561 3561 ira
602 3511 702 3561 Vahlen
718 3527 847 3573 compares
867 3512 919 3563 Cic.
939 3513 976 3563 N.
992 3515 1029 3564 D.
1049 3527 1092 3566 111.
1107 3529 1147 3577 20,

115 3587 154 3640 52.
169 3577 220 3625 and
230 3578 329 3627 deDt'v.
344 3589 375 3627 11.
391 3587 413 3639 7.
430 3572 468 3627 18.

180 3641 311 3702 brugnus
322 3645 370 3692 est.
393 3643 469 3692 “scil.
483 3642 559 3706 isqui
568 3641 685 3706 benignus
695 3639 754 3690 est.''
772 3640 878 3692 Vahlen.
894 3642 983 3694 Feldh.
1004 3644 1097 3709 prefers
1108 3645 1151 3696 the

114 3723 138 3756 a.
159 3705 176 3754 l.
195 3707 362 3834 ¹¹)benignnst‘
396 3707 458 3757 This
475 3723 578 3772 passage
597 3707 618 3756 is
637 3706 740 3757 alluded'
749 3711 775 3761 to
786 3707 820 3774 by
838 3709 981 3760 Lactantius
999 3709 1071 3770 (Inst.
1086 3711 1150 3762 Dia.

115 3783 154 3821 vr.
172 3784 230 3822 11..
