2754 4322
237 305 280 383 48
630 305 806 374 CICERO
833 370 839 382 .

236 466 325 530 vitae
339 465 457 530 datum
473 477 532 532 est
579 468 675 534 Haec
690 469 778 533 enim
802 490 868 534 una
890 488 951 533 nos
971 486 1048 532 cum
1072 473 1199 531 ceteras
1224 483 1278 528 res

236 589 362 647 omnes,
379 579 461 646 tum,
482 572 573 654 quod
597 581 648 637 est
672 572 911 649 difficillimum,
936 572 1058 647 docuit,
1083 580 1121 634 ut
1143 577 1279 633 nosmet

237 661 327 756 ipsos
354 694 584 739 nosceremus:
601 713 603 718 ·
618 676 710 745 cuius
736 677 904 760 praecepti
929 684 1025 740 tanta
1049 675 1099 739 vis
1123 682 1158 737 et
1180 679 1279 736 tanta

237 777 403 841 sententia
418 785 478 854 est,
494 787 532 842 ut
546 798 586 842 ea
602 799 669 843 non
683 778 810 843 homini
826 779 1004 864 quoipiam,
1025 777 1085 846 scd
1110 773 1278 859 Delphico

197 891 213 956 5
239 878 303 942 deo
319 880 524 946 tribueretur.
568 897 618 969 59.
657 883 747 946 Nam
770 883 827 967 qui
851 903 887 946 se
913 883 984 966 ipse
1010 882 1105 954 norit,
1130 879 1276 962 primum

238 981 364 1066 aliquid
388 1004 424 1048 se
447 983 569 1048 habere
595 986 718 1050 sentiet
742 985 891 1066 divinum
918 985 1155 1068 ingeniumque
1179 983 1213 1045 in
1239 1002 1278 1046 se

177 1093 181 1106 ’
238 1105 335 1150 suum
352 1087 438 1152 sicut
453 1088 666 1162 simulacrum
682 1088 817 1172 aliquod
833 1089 981 1154 dicatum
1004 1087 1145 1171 putabit,
1164 1093 1277 1150 tanto-

238 1209 304 1272 que
324 1211 459 1256 munere
483 1192 623 1257 deorum
646 1212 779 1275 semper
804 1177 943 1276 dignum
960 1190 1094 1280 aliquid
1119 1198 1154 1253 et
1177 1188 1278 1253 saciet

238 1302 272 1357 et
308 1296 438 1371 sentiet,
476 1304 518 1372 et,
556 1315 659 1379 quom
694 1317 731 1360 se
761 1296 831 1379 ipse
861 1295 1071 1379 perspexerit
1099 1301 1279 1376 totumque

178 1412 217 1462 10
239 1398 420 1481 temptant,
437 1398 616 1482 intelleget,
632 1418 734 1482 quem
750 1399 793 1463 ad
810 1399 948 1463 modum
970 1419 991 1462 a
1017 1406 1136 1462 natura
1161 1397 1278 1461 subor-

238 1509 337 1588 natus
359 1501 393 1564 i'n
416 1502 521 1566 vitam
547 1503 674 1566 venerit
696 1511 888 1585 quantaque
912 1502 1131 1566 instrumenta
1152 1499 1279 1563 habeat

238 1603 281 1668 ad
304 1604 521 1690 obtinendam
545 1604 862 1688 adipiscendamque
885 1605 1092 1689 sapientiam,
1117 1603 1278 1686 quoniam

152 1691 158 1701 ’
237 1707 398 1790 principio
414 1727 522 1773 rerum
538 1709 687 1772 omnium
700 1709 794 1792 quasi
806 1709 1020 1772 adumbratas
1033 1705 1278 1789 intellegentias
1338 1775 1340 1784 A

238 1810 350 1874 animo
366 1831 405 1898 ac
420 1820 533 1875 mente
547 1813 743 1896 conceperit,
763 1812 886 1896 quibus
908 1811 1089 1876 inlustratis
1113 1809 1278 1892 sapientia

178 1926 212 1993 15
238 1912 324 1976 duce
338 1913 585 1980 bonumvirum
602 1925 636 1980 et
650 1914 694 1979 ob
710 1935 784 1980 eam
809 1916 915 2000 ipsam
939 1933 1075 1978 causam
1101 1920 1215 1977 cernat
1241 1931 1278 1976 se

239 2015 375 2081 beatum
396 2016 476 2081 sore.

305 2118 442 2184 XXIII.
485 2117 536 2186 60.
575 2121 665 2185 Nam
689 2141 791 2205 quom
817 2121 947 2185 animus
973 2119 1278 2202 cognitispercep-

227 2222 347 2306 tisque
372 2223 548 2289 virtutibus
578 2224 622 2288 ab
647 2225 794 2308 corporis
820 2224 980 2307 obsequio
1004 2220 1278 2304 indulgentiaque

197 2375 199 2380 .
237 2325 424 2392 discesserit
437 2327 712 2411 voluptatemque
727 2329 812 2393 sicut
823 2326 934 2391 labem
946 2324 1092 2410 aliquam
1104 2324 1277 2389 dedecoris

175 2445 217 2492 20
239 2430 440 2513 obpresserit
482 2451 685 2514 omnemque
729 2423 846 2495 mortis
886 2429 1076 2512 dolorisque
1121 2428 1277 2493 timorem

238 2532 391 2616 effugerit
404 2535 666 2618 societatemque
681 2535 827 2599 caritatis
842 2534 958 2597 coierit
972 2552 1048 2597 cum
1063 2530 1132 2596 suis
1154 2531 1277 2596 omnis·

304 2739 479 2779 nosceremus.
516 2729 572 2780 The
581 2731 658 2791 γνῶθι
669 2731 773 2779 σεαυτὸν
784 2729 813 2778 oi
821 2728 903 2779 Chilo.
939 2744 978 2794 cp.
993 2728 1051 2778 Fin.
1066 2726 1202 2792 V.‚16.44
1332 2764 1333 2770 ,

240 2857 264 2906 L
285 2793 546 2918 Gestg...t{13'ibuegetur.
582 2795 632 2844 We
642 2811 699 2860 may
708 2793 1050 2860 regardortasahistorical
1061 2800 1168 2858 present.
1188 2791 1275 2842 Madv.

264 2893 271 2908 .
311 2894 317 2907 .
350 2893 357 2907 .
406 2871 427 2907 2.
442 2874 458 2907 ο
477 2875 495 2908 s
793 2901 795 2906 ,

304 2924 324 2984 §a
345 2871 388 2973 693.
407 2922 590 2974 Simulecmm.
626 2940 667 2989 cp.
685 2923 767 2986 Plato,
790 2925 898 2988 Sympos.
918 2923 975 2974 216.
997 2924 1027 2974 E.
1050 2923 1235 2972 σπουδάσαντος
1254 2923 1280 2971 δὲ

240 2989 315 3038 αὐτοῦ
326 2989 488 3052 (Σωκράτους)
500 2989 540 3038 καὶ
552 2991 703 3051 ἀναχθέντος
713 2991 756 3040 οὐκ
767 2990 821 3040 οῖδα
831 2991 854 3038 ei
863 3007 899 3039 τις
909 2989 1001 3051 ἑώρακε
1011 2990 1044 3038 τὰ
1055 2989 1121 3038 ἔπος
1131 2989 1277 3050 ἀγάλματα.

304 3053 468 3104 subornatus
505 3053 575 3104 Bake
586 3070 714 3120 compares
726 3055 852 3118 ὑπάρχειν.
874 3055 931 3104 The
942 3053 1096 3120 preposition
1106 3052 1155 3102 sub
1166 3060 1281 3118 suggests

241 3119 349 3234 affl
365 3119 429 3170 from
448 3119 531 3170 thch
549 3135 597 3170 one
615 3127 689 3172 starts
708 3121 759 3170 and
776 3121 797 3172 is
817 3120 875 3170 thus
893 3119 1028 3186 peculiarly
1044 3118 1221 3186 applicabieto
1236 3117 1281 3169 the

240 3201 291 3234 κοιν
349 3203 430 3236 naar.

305 3250 482 3301 obtinendem
514 3250 646 3316 “holding
670 3266 704 3301 on
722 3257 749 3300 tc
768 3251 818 3300 and
836 3245 991 3328 acquiring.”
1016 3247 1122 3314 Madvig
1141 3247 1202 3298 cells
1229 3247 1281 3298 this

240 3329 256 3363 e
274 3314 415 3365 ‘durissima
434 3313 611 3381 hysterologia’;
635 3317 681 3366 but
703 3332 741 3366 we
757 3332 815 3380 may
831 3315 894 3366 refer
904 3313 1075 3364 obtinendem
1086 3322 1111 3364 to
1123 3312 1166 3363 the
1177 3313 1283 3379 ι’ςκιὶιιίὶ

242 3379 273 3441 (ἕ.
287 3381 329 3443 33)
339 3398 347 3441 ς
363 3381 473 3433 whereas
484 3382 527 3431 the
537 3397 607 3431 more
618 3381 711 3446 perfect
721 3381 840 3444 sapientia
852 3381 873 3430 is
884 3380 914 3430 oi
921 3381 984 3430 luter
994 3380 1091 3445 growth
1103 3379 1133 3440 (ἓ.
1149 3379 1210 3441 27.)

274 3445 445 3522 'pripeipim
481 3447 521 3496 ‘in
538 3446 581 3498 the
595 3445 746 3512 beginning’
764 3446 804 3508 (of
811 3446 850 3496 his
867 3446 929 3507 life).
965 3445 1036 3496 Bake
1052 3445 1103 3495 and
1118 3444 1202 3494 others
1219 3445 1282 3494 read

240 3521 380 3571 imam&
1005 3556 1009 3566 .

305 3577 325 3635 ἕ.
347 3575 389 3625 60.
425 3576 573 3627 Allusionis
590 3576 649 3627 here
668 3576 742 3627 made
760 3585 786 3627 to
804 3577 846 3628 the
864 3575 919 3626 four
937 3576 1037 3637 virtues,
1074 3576 1110 3636 (1)
1127 3587 1145 3624 c
1163 3573 1283 3636 corpoeis

217 3649 220 3656 ·
240 3639 579 3706 obsequio=‘temperantia’
592 3643 628 3703 (2)
640 3639 947 3706 timorem.=¹sortitudo’
960 3643 996 3706 (3)
1008 3639 1215 3702 mennamque
1226 3643 1279 3692 oet.

243 3703 404 3756 =‘r'ustitia.’
433 3707 469 3769 (4)
489 3706 662 3768 ‘prudentia’

305 3769 447 3821 dedecoris
484 3771 573 3822 Feidh.
587 3789 618 3824 ex
636 3772 700 3822 luins
716 3771 766 3822 this
783 3787 811 3822 as
830 3788 846 3822 a
867 3773 1003 3837 ‘genuum
1020 3769 1120 3821 causae’
1133 3791 1161 3812 =
1177 3769 1280 3832 ‘labem

240 3853 316 3904 quam
327 3837 479 3886 dedecusuds
516 3835 573 3902 git'
643 3838 676 3887 ke
687 3837 758 3888 takes
769 3837 788 3887 it
800 3844 826 3887 to
838 3853 911 3886 mean
925 3837 1035 3887 ‘dedecus
1045 3843 1165 3902 tanquam
1177 3835 1275 3888 labem!

305 3901 406 3953 coierit
453 3913 511 3952 uss,
538 3901 602 3958 heve
631 3902 754 3966 variously
776 3901 927 3964 coniecerit,
952 3901 1067 3952 ooeoetit
1087 3903 1138 3952 and
1160 3900 1281 3954 decerit
