2818 4320
532 322 604 389 DE
631 320 858 390 LEGIBUS.
1116 335 1176 405 133

141 475 270 542 amicus
307 475 349 543 Li
379 474 547 553 Lucullus,
575 474 742 542 ferebatur
777 476 872 560 quasi
907 474 1178 542 commodissime

143 578 379 662 respondisset,
411 599 489 646 cum
520 587 609 646 esset
631 579 762 644 obiecta
794 578 1041 663 magnificentia
1076 579 1178 645 villae

143 680 364 760 Tusculanae,
387 681 454 746 duo
469 703 506 748 se
526 681 649 747 habere
662 683 797 758 vicinos,
812 682 1014 767 superiorem
1030 683 1176 766 equitem

144 785 346 862 Romanuin,
372 785 558 852 inferiorern
585 785 795 851 libertinum:
818 806 958 870 quorum
974 806 1050 850 cum
1066 794 1177 852 essent

143 887 340 971 magnificae
361 887 468 967 villae,
494 888 631 954 concedi
656 888 719 953 sibi
741 897 903 971 oportere,
929 889 1021 972 quod
1044 889 1092 966 iis,
1119 889 1176 974 qui
1220 901 1238 971 5

142 990 304 1055 inferioris
319 991 443 1056 ordinis
463 1001 582 1069 essent,
598 990 718 1056 liceret
763 991 842 1056 Non
856 990 959 1068 vides,
983 991 1130 1070 Luculle,
1155 1013 1178 1058 a

142 1104 178 1159 tc
202 1094 236 1158 id
251 1094 362 1178 ipsum
384 1103 509 1172 natum,
525 1103 564 1160 ut
587 1093 634 1160 illi
658 1094 840 1179 cuperent?
872 1093 991 1176 quibus
1015 1094 1059 1172 id,
1084 1095 1113 1160 si
1138 1103 1176 1161 tu

142 1217 211 1261 non
235 1196 367 1274 iaceres,
391 1217 459 1262 nori
481 1197 603 1263 liceret
668 1210 719 1276 31.
760 1196 845 1280 Quis
869 1197 957 1260 enim
973 1197 1071 1262 ferret
1085 1199 1176 1275 istos,

142 1320 220 1364 cuin
248 1299 377 1364 videret
405 1321 519 1366 eorum
547 1300 643 1366 villas
672 1300 774 1384 signis
804 1307 839 1365 et
868 1300 990 1365 tabulis
1030 1301 1175 1379 refertas,

143 1403 267 1487 partim
290 1402 438 1487 publicis,
454 1405 575 1488 partim
603 1403 704 1468 etiam
727 1402 828 1468 sacris
843 1411 878 1469 et
898 1402 1081 1487 religiosis?
1103 1405 1177 1488 quis
1203 1419 1244 1470 10

143 1527 212 1571 non
241 1505 408 1590 frangeret
433 1527 548 1572 eorum
571 1505 734 1584 libidines,
763 1506 826 1572 nisi
855 1505 901 1570 illi
931 1506 1003 1591 ipsi,
1034 1507 1092 1590 qui
1121 1527 1179 1573 eas

143 1609 296 1694 frangere
331 1609 499 1689 deberent,
542 1610 732 1694 cupiditatis
769 1609 918 1676 eiusdem
963 1611 1194 1678 tenerenturi.

144 1713 240 1779 XIV.
284 1714 359 1778 Nec
383 1715 472 1779 enini
497 1722 629 1780 tantum
655 1713 733 1778 mali
760 1722 811 1780 est
839 1733 976 1797 peccare
1004 1715 1177 1801 principes,
1271 1717 1273 1722 ’

144 1837 350 1901 quamquain
361 1826 413 1881 est
428 1837 587 1900 inagnum
599 1816 664 1882 hoc
678 1837 738 1900 per
747 1837 785 1882 se
799 1817 908 1900 ipsum
923 1816 1058 1895 malum,
1074 1839 1178 1902 quan-

144 1928 217 1984 tum
231 1918 323 1997 illud,
339 1919 429 2003 quod
441 1919 596 2004 permulti
607 1921 790 1986 imitatores
805 1921 989 2005 principum
1002 1922 1176 1988 exsistunt
1204 1934 1241 2003 15

144 2023 236 2087 Nam
265 2020 342 2087 licet
371 2023 492 2101 videre,
522 2024 550 2088 si
579 2023 660 2088 velis
690 2023 849 2107 replicare
873 2025 1068 2089 memoriam
1094 2012 1189 2093 tem·⁸

143 2145 273 2210 porum,
310 2125 568 2210 qualescumque
610 2127 733 2190 summi
769 2121 912 2190 civitatis
947 2127 1009 2191 viri
1046 2127 1176 2206 fuerint,

210 2355 346 2407 Lucullus.
382 2356 438 2407 The
456 2371 594 2422 conqueror
610 2356 641 2406 of
656 2355 815 2406 Mithridates
832 2356 940 2421 brought
956 2356 1022 2407 back
1038 2358 1180 2425 something

143 2438 215 2473 more
226 2422 287 2473 than
305 2423 384 2488 glory,
398 2422 462 2472 from
473 2422 512 2472 his
523 2421 620 2472 Asiatic
630 2422 782 2487 campaigns.
819 2421 869 2471 His
880 2421 1039 2486 magnificent
1049 2424 1179 2474 establish-

144 2497 227 2539 ments
237 2488 340 2538 became
356 2503 372 2536 a
382 2486 485 2551 byword
501 2503 594 2551 among
610 2488 740 2537 Romans:
757 2502 796 2551 cp.
817 2487 925 2548 Horace,
945 2488 1025 2552 Epist.
1045 2500 1064 2539 1.
1083 2490 1116 2540 vi.
1135 2503 1175 2554 40.

143 2571 194 2618 sqq.
197 2568 210 2614 ;
222 2561 270 2618 pro
281 2554 339 2603 Sest.
353 2563 434 2602 xunu
448 2564 488 2616 93.
525 2553 615 2616 (Long,
630 2551 688 2602 Vol.
703 2563 746 2602 111.
760 2567 817 2616 opp.
831 2563 858 2602 v.
872 2552 922 2600 and
933 2553 1003 2613 κὴ).

209 2617 350 2667 terebatur.
376 2620 454 2667 “was
465 2617 551 2667 talked
561 2617 638 2666 about
648 2614 672 2667 :”
683 2633 712 2666 so
723 2616 773 2666 Gk.
788 2618 904 2679 φέρεσθαι
916 2617 1033 2684 Xenoph.
1047 2619 1115 2670 Hirt.
1131 2621 1175 2672 Gr.

145 2695 165 2734 1.
178 2699 203 2733 v.
220 2692 257 2745 17.
294 2681 403 2732 Cicero's
414 2698 471 2732 own
488 2682 613 2732 Tusculan
625 2682 684 2732 villa
694 2690 760 2732 must
771 2682 834 2732 have
845 2689 898 2732 eost
914 2682 967 2731 him
978 2699 994 2732 a
1010 2685 1180 2737 considerable

145 2765 214 2799 suin:
231 2747 268 2796 ad
274 2749 349 2798 Attic.
363 2759 403 2797 iv.
414 2747 455 2808 ii.;
471 2747 541 2797 Bake
551 2763 680 2812 compares
691 2748 727 2795 ad
734 2747 808 2796 Attic.
823 2759 863 2798 lv.
876 2764 898 2798 v.
914 2761 936 2798 2.
965 2749 1176 2815 “Subringmtur,

144 2815 191 2880 qui
199 2813 287 2890 villcm
297 2826 341 2899 ¹¹²3
351 2813 445 2863 moleste
444 2813 537 2890 serint
546 2813 636 2889 (raim,
650 2828 712 2877 quae
720 2811 811 2862 canu
817 2812 908 2874 ῥιπαὶ,
922 2829 939 2862 a
949 2813 1040 2890 Vettio
1051 2831 1089 2864 me
1098 2818 1182 2893 emtise

144 2877 657 3008 ututdiidsstiitrltiit
665 2877 823 2992 aliialii
833 2879 1180 3008 distulit-’iulii

145 3009 206 3060 with
217 3024 233 3058 a
243 3007 356 3058 different
367 3009 491 3072 meaning,

209 3073 443 3123 faceres-liceret.
478 3072 534 3123 The
551 3071 648 3138 imperf.
669 3079 745 3134 tense,
767 3071 850 3122 rather
861 3072 922 3123 than
938 3073 981 3123 the
997 3072 1105 3138 pipi,is
1120 3073 1180 3128 here

62 3183 66 3190 .
145 3139 214 3198 used,
237 3154 264 3188 as
282 3137 351 3188 Bake
371 3137 494 3199 observes,
516 3137 621 3188 because
640 3138 799 3188 acontinued
818 3139 1091 3202 practiceissignified,
1103 3149 1148 3190 not
1164 3159 1180 3194 a

145 3205 225 3268 single
243 3211 292 3254 act.
328 3203 417 3254 Feldh.
442 3212 530 3268 quotes
553 3203 624 3270 Livy,
649 3214 688 3252 rx.
716 3214 753 3264 19.
792 3203 914 3264 “Persos,
937 3204 1014 3252 Indos
1031 3205 1141 3269 aliasque
1159 3209 1183 3258 ri

146 3269 309 3357 (Amudis)
331 3265 496 3318 adiunxisset
521 3275 609 3333 gentes,
633 3268 830 3333 impedimentum
852 3269 933 3318 maim
959 3284 1034 3333 quani
1055 3271 1181 3324 auxilium

145 3334 291 3460 mgegl.
323 3332 556 3460 {ptirihrgiqiuh'boia
581 3397 638 3448 The
648 3396 752 3448 Verrine
763 3396 872 3447 orations
884 3397 911 3458 (e.
922 3413 945 3462 g.
959 3397 988 3448 B.
1004 3409 1041 3450 IV.
1055 3399 1180 3466 deriguit)

145 3465 203 3530 give
213 3479 243 3513 us
253 3479 323 3514 some
334 3464 390 3513 idea
401 3463 430 3541 oi
444 3464 486 3514 the
496 3463 733 3528 unscrupulousness
744 3462 772 3512 oi
779 3462 917 3528 provincial
934 3479 1069 3529 governors
1087 3467 1149 3518 with
1165 3486 1181 3520 a

145 3529 489 3656 pencbiatbiiiitbffilffeciilaglm
500 3594 590 3658 adopts
601 3591 730 3642 Lambin’s
740 3593 911 3656 cupiditatibus
920 3594 1014 3644 eisdem.
1049 3596 1177 3662 Wyttenb.

146 3675 268 3726 supposes
278 3675 311 3709 an
322 3660 409 3724 ellipse
420 3659 449 3709 oi
456 3661 529 3724 culpa
539 3675 568 3708 or
585 3659 695 3718 crimine,
709 3658 792 3709 which
802 3658 886 3734 would
903 3659 1004 3724 equally
1022 3670 1127 3714 account
1143 3664 1181 3716 ior

146 3725 348 3804 antugeiiitiies
367 3725 397 3775 of
410 3721 690 3838 the·charg·e31’·'aci{⁰,rq
693 3721 786 3839 &theg
805 3723 1000 3852 {affigatis}
1025 3727 1117 3853 gelgdh.²
1138 3745 1179 3856 οἳ.

147 3789 569 3933 ΩἭἭἭἭἭἭἭἭἭ
592 3805 1182 3917 cites,adl'‹“anii'l.'1.ix.v¹iga'.whee'cici‘m

148 3920 253 3971 himself
260 3920 389 3971 attributes
401 3920 450 3970 this
461 3926 593 3972 sentiment
604 3925 632 3969 to
651 3919 743 3972 Plato:
759 3936 800 3986 cp.
813 3919 894 3983 Plato,
913 3921 984 3987 legg.
1007 3933 1045 3973 iv.
1068 3932 1123 3985 711.
1144 3935 1179 3988 e.,
