2754 4322
497 314 567 379 DE
589 314 817 381 LEGIBUS.
1101 327 1143 391 47

105 485 269 558 quantum
289 477 321 540 in
338 477 410 560 ipso
425 476 478 553 sit,
494 477 757 558 praetermittere
771 496 839 560 quo
855 475 965 539 minus
988 494 1037 550 ea,
1060 490 1147 556 quae

104 589 225 644 natura
253 579 413 663 postulet,
451 589 682 661 consequatur,
714 580 804 663 quod
836 579 922 643 inter
953 576 1037 641 haec
1066 574 1146 640 velit

105 683 229 748 virtute
244 693 417 766 tamquam
434 682 508 766 lege
523 683 640 746 vivere.
668 681 882 767 Quapropter
895 682 960 746 hoc
974 677 1147 745 diiudicari

106 787 220 851 nescio
235 808 278 851 an
294 806 488 870 numquam,
504 786 562 848 sed
578 783 643 849 hoc
657 806 809 849 sermone
824 795 913 850 certe
936 806 1002 850 non
1025 791 1146 869 potest,

105 891 133 954 si
150 890 286 973 quidem
302 889 345 965 id,
362 889 453 971 quod
468 888 683 971 suscepimus,
699 888 875 970 perfecturi
889 908 1011 952 sumus.
1170 898 1185 965 5

174 993 291 1057 XXII.
335 998 386 1068 57.
430 990 503 1055 Att.
540 990 591 1055 At
607 1010 670 1074 ego
684 989 750 1054 huc
765 990 972 1055 declinabam
989 1011 1049 1055 nec
1065 989 1146 1054 invi·

106 1103 171 1160 tus.
219 1094 256 1182 Q.
293 1094 424 1158 Licebit
432 1093 534 1158 alias:
558 1093 690 1158 nuncid
703 1113 851 1180 agamus,
864 1093 1145 1177 quodcoepimus,

106 1219 212 1282 quom
229 1197 423 1281 praesertim
439 1197 481 1260 ad
498 1198 532 1261 id
548 1197 629 1261 nihil
651 1198 818 1280 pertineat
839 1196 923 1260 haec
946 1196 989 1261 de
1014 1216 1146 1260 summo

108 1301 199 1365 malo
229 1301 385 1383 bonoque
414 1286 582 1365 dissensio.
629 1300 674 1364 M.
714 1300 982 1375 Prudentissime,
1011 1298 1145 1382 Quinte,

108 1404 214 1481 dicis;
237 1422 315 1467 nam
331 1424 416 1485 quae
439 1424 459 1466 a
481 1424 535 1467 me
558 1402 667 1468 adhuc
690 1403 781 1467 dicta
803 1412 891 1480 sunt,
914 1401 933 1441 ¹*
954 1399 973 1439 *
994 1399 1013 1439 *
1034 1399 1061 1466 ’ἦ
1108 1399 1145 1479 Q.
1174 1417 1213 1464 10

109 1508 185 1571 Nec
211 1507 356 1590 Lycurgi
387 1506 477 1590 leges
508 1528 617 1591 neque
648 1507 781 1574 Solonis
812 1526 920 1591 neque
951 1503 1149 1572 Charondae

110 1630 219 1693 neque
236 1609 367 1674 Zaleuci
383 1630 443 1674 nec
459 1619 589 1675 nostras
604 1610 781 1675 duodecim
797 1609 928 1675 tabulas
944 1630 1005 1674 nec
1027 1607 1148 1692 plebis·

30 1795 34 1804 Ι
109 1714 177 1779 cita
192 1713 353 1790 desidero,
368 1714 428 1778 sed
450 1722 485 1778 te
509 1714 667 1778 existimo
689 1734 766 1778 cum
790 1714 922 1797 populis
946 1722 1019 1778 tum
1045 1713 1146 1777 etiam

109 1817 247 1901 singulis
262 1816 423 1882 hodierno
438 1838 591 1882 sermone
614 1816 704 1901 leges
727 1816 861 1882 vivendi
880 1826 915 1882 et
939 1816 1147 1901 disciplinam

109 1921 275 1986 daturum.
333 1920 383 1999 58.
443 1921 496 1985 M.
549 1921 614 1985 Est
653 1912 750 1984 huius
789 1941 868 1985 vero
903 1921 1146 2004 disputationis,
1175 1934 1209 1998 15

110 2024 246 2108 Quinte,
276 2024 446 2108 proprium
476 2022 520 2101 id,
549 2023 640 2106 quod
671 2033 856 2107 exspectas,
887 2033 989 2106 atque
1018 2024 1147 2087 utinam

109 2138 199 2193 esset
222 2128 324 2192 etiam
348 2126 515 2192 facultatis
541 2127 655 2191 meae!
691 2127 758 2193 Sed
784 2126 933 2210 prolecto
959 2127 1007 2190 ita
1031 2146 1068 2190 se
1097 2146 1149 2189 res
1176 2137 1179 2142 '

109 2230 221 2304 habet,
237 2239 284 2307 ut,
303 2231 462 2313 quoniam
485 2229 641 2294 vitiorum
664 2229 922 2294 emendatricem
945 2228 1055 2312 legem
1077 2248 1149 2291 esse

111 2341 246 2417 oportet
271 2333 652 2416 commendatricemque
677 2334 847 2408 virtutum,
874 2332 918 2395 ab
944 2351 983 2395 ea
1017 2330 1149 2395 vivendi

111 2436 265 2500 doctrina
289 2436 437 2500 ducatur.
485 2430 544 2500 Ita'
565 2435 604 2499 fit
625 2445 663 2500 ut
687 2445 794 2500 mater
814 2435 964 2499 omnium
987 2434 1149 2497 bonarum
1173 2449 1216 2497 20

113 2559 222 2603 rerum
251 2538 415 2621 sapientia
444 2538 497 2614 sit,
526 2560 548 2602 a
582 2539 701 2622 quoius
738 2559 852 2603 amore
887 2537 1015 2602 Graeco
1048 2536 1150 2602 verbo

113 2640 323 2727 philosophia
347 2662 469 2706 nomen
485 2642 618 2720 invenit,
635 2662 702 2726 qua
718 2641 798 2706 nihil
814 2664 834 2706 a
849 2642 901 2706 dis
919 2641 1150 2706 inmortalibus
1252 2701 1254 2708 .

114 2746 255 2822 uberius,
286 2744 367 2809 nihil
397 2745 576 2822 florentius,
606 2745 687 2809 nihil
716 2745 946 2830 praestabilius
976 2746 1150 2811 hominurn

178 2959 249 3021 quod
258 2959 331 3010 luter
333 2997 392 3010 ......
394 2960 493 3009 vivore.
529 2959 592 3010 This
603 2961 676 3011 looks
687 2961 739 3011 like
750 2977 766 3010 a
775 2962 860 3026 gloss3
879 2961 1001 3012 Huschke
1020 2959 1051 3024 cj.
1071 2973 1151 3021 quom

114 3025 240 3088 torqueo.
276 3025 445 3090 Wyttenbach
456 3025 568 3091 explains
578 3025 728 3076 murum
745 3028 764 3054 “
774 3043 805 3076 sc.
827 3043 889 3092 quae
907 3034 1001 3076 natura
1014 3023 1151 3090 postulat.”

115 3092 149 3141 du
161 3090 254 3140 Mesnil
265 3091 337 3140 reads
363 3091 575 3141 armabamur.
611 3091 937 3153 nescioun,see§.18.n.

179 3157 215 3216 53.
226 3156 337 3207 57-63.
376 3171 392 3232 y
403 3172 458 3220 way
469 3155 498 3206 of
504 3157 613 3221 apology
625 3157 662 3206 for
671 3157 713 3207 the
719 3165 841 3233 apparent
847 3157 984 3221 digression
992 3155 1031 3215 (de
1031 3154 1147 3219 finibus),

116 3222 216 3272 Marcus
227 3237 295 3272 sums
305 3237 340 3286 up
351 3220 412 3271 with
423 3237 492 3271 some
508 3221 621 3272 remarks
639 3238 672 3272 on
693 3223 735 3272 the
755 3231 909 3288 importance
928 3220 957 3270 ol
971 3219 1014 3269 the
1032 3221 1106 3285 study
1125 3221 1155 3272 ot'

116 3286 274 3353 philosophy,
288 3287 339 3336 aud
349 3287 381 3337 its
392 3287 495 3363 bearing
505 3303 574 3352 upon
585 3287 627 3337 the
638 3287 733 3351 subject
744 3287 770 3337 in
781 3287 857 3336 haud.

179 3351 253 3400 dictu
274 3355 343 3402 nunt.
381 3351 464 3402 There
485 3368 506 3401 rs
528 3368 544 3401 a
565 3353 680 3402 manifest
702 3353 786 3402 hiatus
806 3352 872 3402 here.
910 3349 1046 3400 Lambinus
1068 3352 1151 3402 edited

119 3416 214 3465 “diota
223 3417 552 3482 cuntemediaphilosophriz
563 3418 636 3466 ducta
646 3423 719 3467 sunt:
735 3424 763 3467 tu
773 3424 853 3466 autem
864 3415 971 3465 alicuius
979 3415 1085 3467 crutaris
1095 3419 1153 3483 leger

109 3483 217 3547 fortasse
224 3481 369 3532 duriter&
403 3483 452 3532 But
464 3482 513 3533 this
524 3483 546 3532 is
556 3497 624 3532 mere
635 3481 783 3545 conjecture.
805 3497 844 3547 cp.
859 3483 879 3542 ἕ.
897 3491 934 3543 17.

180 3545 344 3597 Ohmudaa
364 3550 446 3608 ¹11.§.
463 3561 499 3610 14
514 3564 540 3597 n.

180 3613 201 3671 §-
216 3612 259 3662 68.
291 3611 337 3661 Ita
346 3612 378 3662 ut
387 3616 425 3663 ut
463 3613 485 3662 F
485 3612 551 3662 eldh.
566 3612 647 3662 drcws
658 3611 780 3661 attention
791 3617 817 3661 to
829 3611 872 3661 the
882 3610 932 3662 fact
943 3611 998 3662 that
1009 3611 1151 3678 ‘sapientia'

120 3677 228 3726 =‘recta
239 3675 316 3726 φαῖν’
329 3680 359 3738 (5.
374 3675 534 3738 22.)=‘lex.¹
569 3677 601 3725 In
613 3688 671 3726 MSS.
685 3675 722 3725 ut
741 3677 762 3725 is
780 3677 892 3727 omitted.
929 3677 1017 3728 Cicero
1038 3679 1149 3739 (Tusml.

119 3753 145 3791 v.
159 3743 195 3804 3)
206 3742 313 3792 ascribes
325 3742 367 3792 the
379 3742 507 3792 invention
519 3741 549 3791 oi
556 3741 598 3792 the
609 3741 664 3791 title
669 3742 828 3806 philosophus
839 3751 866 3792 to
877 3743 1038 3808 Pythagoras.

181 3820 234 3868 qua
250 3807 328 3856 nihil.
365 3807 484 3857 Imitated
506 3807 570 3856 from
593 3807 673 3868 Plato,
703 3809 818 3858 fimatur
835 3819 875 3871 47.
891 3809 919 3858 B.
946 3809 1153 3869 φίλοσοφῐας...οὕ

118 3873 198 3936 μεῖζον
209 3875 303 3934 ἀγαθὸν
314 3871 361 3921 οὔτ’
371 3874 446 3932 ἢλθεν
457 3871 506 3920 οὔθ’
516 3874 567 3932 ἥξει
579 3874 640 3922 ποτὲ
650 3872 688 3934 rqi
700 3872 778 3935 θνητῷ
788 3875 853 3935 γένει
865 3875 970 3935 δωρηθέν
980 3875 1008 3921 ἐκ
1019 3875 1085 3920 θεῶν.
