2754 4322
488 298 558 362 DE
580 297 806 364 LEGIBUS.
1106 311 1142 378 55

111 479 236 542 ponere
264 467 300 524 et
328 460 423 543 quasi
452 479 643 523 consecrare
673 459 841 523 debemus.
887 457 1004 522 Dulcis
1033 466 1146 522 autem

63 627 66 633 ,
112 583 181 626 non
201 562 307 627 multo
322 584 417 627 secus
439 571 491 626 est
515 582 563 638 ea,
580 582 666 644 quae
689 562 813 650 genuit,
837 581 939 645 quam
966 561 1030 638 illa,
1061 581 1148 644 quae

110 668 255 750 excepit.
302 667 422 749 Itaque
448 686 511 748 ego
536 663 623 728 hanc
647 685 757 728 meam
779 685 851 728 esse
873 665 1015 748 patriam
1030 685 1147 748 prosus

111 790 294 851 numquam
333 768 471 852 negabo,
509 768 590 832 dum
627 766 684 831 illa
712 768 757 832 sit
785 769 898 846 maior,
927 768 1010 832 haec
1039 769 1073 832 in
1106 789 1146 832 ea

111 873 329 938 contineatur.
1171 885 1187 953 ς

180 976 244 1040 III.
288 973 319 1042 6.
363 974 435 1039 Ata.
481 975 587 1038 Recte
610 974 709 1057 igitur
732 973 875 1057 Magnus
896 974 950 1039 ille
965 985 1078 1040 noster
1092 997 1147 1040 me

82 1149 84 1154 ,
111 1078 270 1143 audiente
293 1079 405 1161 posuit
434 1078 467 1140 in
497 1078 627 1154 iudicio,
658 1097 760 1160 quom
789 1098 850 1161 pro
879 1077 1006 1160 Ampio
1035 1088 1146 1144 tecum

111 1181 212 1245 simul
237 1181 369 1258 diceret,
396 1201 467 1244 rem
490 1180 657 1264 publicam
685 1189 834 1244 nostram
857 1181 1051 1245 iustissimas
1070 1182 1148 1246 huic

112 1284 292 1367 municipio
321 1285 444 1367 gratias
475 1305 574 1368 agere
603 1304 710 1367 posse,
741 1284 832 1367 quod
862 1304 907 1347 ex
934 1304 974 1348 eo
1000 1284 1067 1349 duo
1096 1286 1146 1348 sui

112 1397 360 1452 conservatores
377 1388 592 1464 exstitissent,
608 1389 657 1451 uti
680 1388 746 1450 iam
769 1387 885 1472 videar
912 1386 1033 1451 adduci
1061 1387 1148 1451 hanc
1174 1405 1212 1452 10

112 1510 255 1573 quoque,
282 1511 368 1574 quae
396 1500 431 1554 te
454 1491 641 1576 procrearit,
669 1511 741 1554 esse
760 1492 903 1575 patriam
930 1499 1032 1555 tuam.
1078 1489 1146 1556 Sed

111 1602 248 1659 ventum
274 1595 307 1658 in
334 1593 474 1658 insulam
498 1604 569 1659 est:
600 1592 664 1657 hac
689 1614 767 1658 vero
790 1593 870 1658 nihil
894 1603 945 1658 est
966 1595 1146 1659 amoenius.

113 1697 164 1762 Ut
179 1698 267 1761 enirn
288 1697 352 1762 hoc
374 1699 468 1781 quasi
491 1707 597 1762 rostro
622 1697 758 1761 finditur
782 1697 943 1761 Fibrenus
965 1706 1000 1762 et
1023 1697 1147 1763 divisus

111 1803 293 1885 aequaliter
308 1804 341 1867 in
364 1803 448 1868 duas
470 1814 581 1887 partes
604 1802 707 1868 lat-era
729 1803 812 1867 haec
838 1804 944 1868 adluit
967 1805 1147 1889 rapideque

112 1905 260 1990 dilapsus
277 1907 343 1971 cito
366 1908 400 1970 in
424 1921 528 1970 unum
550 1906 689 1971 confluit
711 1916 746 1971 et
771 1915 902 1971 tantum
929 1909 1148 1992 conplectitur
1173 1922 1209 1990 15
1245 1977 1252 1992 ,

111 2010 201 2091 quod
227 2011 308 2075 satis
334 2011 379 2074 sit
404 2010 555 2074 modicae
584 2009 769 2093 palaestrae
798 2010 869 2074 loci.
915 2010 993 2094 Quo
1019 2013 1145 2089 effecto,

115 2121 288 2196 tamquam
312 2113 346 2177 id
361 2112 514 2178 habuerit
537 2115 644 2197 operis
661 2134 700 2176 ac
722 2115 875 2190 muneris,
891 2123 929 2178 ut
950 2114 1036 2179 hanc
1051 2116 1146 2180 nobis

111 2215 254 2281 efficeret
277 2217 392 2281 sedem
417 2216 460 2280 ad
486 2216 734 2300 disputandum,
757 2218 871 2280 statim
896 2219 1091 2302 praecipitat
1113 2219 1146 2282 in

113 2317 225 2380 Lirem
249 2327 290 2393 et,
307 2320 401 2401 quasi
423 2320 457 2383 in
483 2313 643 2383 familiam
667 2320 839 2402 patriciam
863 2321 998 2396 venerit,
1023 2322 1147 2385 amittit

177 2544 241 2595 dnm
256 2545 511 2598 illa—contincatur.
548 2549 625 2598 Some
636 2548 717 2598 critics
727 2555 827 2613 suspect
838 2548 887 2598 this
898 2565 1018 2614 passage:
1041 2551 1147 2616 Madvig

111 2611 237 2663 considers
248 2612 267 2660 it
278 2614 390 2677 genuine.
426 2614 486 2675 illa,
498 2613 527 2663 cf
538 2629 631 2674 course,
646 2614 667 2663 is
678 2615 757 2662 Roma
768 2614 818 2663 and
828 2614 895 2664 haec
911 2617 1047 2679 Arpinum.
1073 2617 1147 2668 Alter

82 2685 84 2690 ’
110 2679 279 2727 contincatur
290 2677 332 2728 the
343 2679 398 2729 best
409 2691 468 2730 uss
481 2680 545 2729 have
555 2679 637 2730 habet
648 2678 768 2728 diritatis
779 2681 807 2729 at
816 2693 899 2729 unam
914 2679 991 2730 illam
1007 2681 1145 2733 dvitatem

127 2745 196 2793 ntct.

109 2757 136 2924 Ξ
175 2809 260 2924 §acl'F
270 2807 386 2870 Magnus
403 2807 459 2860 ille.
496 2809 637 2874 Pompeius.
673 2808 744 2858 Bake
759 2816 847 2875 quotes
859 2810 930 2876 Livy,
949 2823 1017 2862 xxx.
1034 2821 1075 2877 45.
1094 2814 1145 2863 and

169 2911 175 2924 .
255 2890 306 2924 am.
320 2882 346 2924 v.
362 2884 384 2936 7.

130 2881 270 3000 ppposuit.
310 2939 445 2989 ‘Affirmed
463 2939 490 2989 in
509 2939 598 2990 court'
631 2940 681 2990 For
699 2937 794 3002 Ampio
811 2952 868 2992 uss,
888 2940 952 2992 have
969 2941 1073 2991 Ambio.
1108 2943 1139 2992 T.

109 3005 217 3070 Ampius
229 3005 330 3065 Balbus,
344 3004 402 3054 who
412 3021 464 3054 was
480 3021 495 3055 a
511 3021 628 3056 common
644 3005 723 3055 friend
740 3005 769 3054 of
784 3006 917 3071 Pompeius
935 3007 986 3055 and
1004 3007 1100 3067 Cicero,
1121 3008 1144 3057 is

109 3071 236 3136 supposed
247 3078 273 3120 to
284 3071 316 3120 be
327 3070 370 3120 the
380 3087 471 3136 person
481 3078 572 3121 meant.
587 3086 626 3136 cp.
640 3071 677 3119 ad
684 3073 744 3120 Dia.
760 3083 823 3121 x111.
838 3084 913 3132 Lxx,
927 3073 1000 3120 Atta'c.
1016 3083 1078 3120 v111.
1090 3072 1123 3122 xi.

173 3137 378 3187 conservatores.
414 3137 517 3196 Marius,
530 3137 558 3184 in
571 3135 614 3186 the
625 3151 688 3186 ware
704 3137 766 3186 with
782 3137 825 3186 the
836 3137 962 3186 Teutones
973 3135 1023 3185 and
1035 3136 1139 3198 Cimbri,

109 3216 161 3251 was
171 3201 214 3250 the
225 3201 313 3251 other:
329 3217 368 3266 cp.
378 3209 427 3266 pro
437 3203 518 3262 Sestio,
532 3213 603 3252 xxu.
615 3211 654 3265 50.

174 3265 366 3317 adduci—caca
402 3283 435 3316 an
453 3266 573 3332 elliptieal
591 3267 734 3331 expression
754 3267 792 3316 for
807 3266 898 3315 adduci
910 3267 941 3314 nt
951 3263 1140 3318 credam-esse.

108 3345 147 3395 cp.
164 3331 217 3381 Cic.
230 3333 288 3382 Fin.
304 3344 323 3383 1.
337 3349 360 3382 v.
378 3345 415 3395 14.
452 3333 528 3384 Some
539 3332 638 3396 explain
648 3333 668 3382 it
679 3347 706 3382 as
715 3349 731 3381 a
746 3331 914 3383 construction
925 3331 988 3380 κατὰ
999 3333 1141 3384 adaeravit.

108 3395 204 3445 adduci
213 3399 389 3462 :persuaderi
397 3398 448 3447 and
459 3398 480 3446 is
490 3396 610 3462 similarly
621 3397 689 3447 used.

173 3461 213 3510 Ut
233 3463 315 3513 enirn
348 3463 448 3514 Vahlen
458 3464 509 3512 and
520 3474 592 3523 Μεε.;
613 3461 713 3511 etenim
730 3461 875 3511 Lambinus.
904 3462 936 3510 nt
949 3461 1144 3515 ‘exclamaretur’

112 3527 130 3552 ¹¹
137 3526 196 3585 For,
210 3543 251 3577 see
261 3528 320 3577 how
330 3527 374 3578 &a
381 3526 404 3577 !''

173 3591 329 3652 mlaectrac.
365 3593 434 3644 Bake
458 3599 545 3658 quotes
562 3593 598 3640 ad
617 3592 691 3641 Atta'c.
712 3603 764 3641 XII.
795 3604 846 3650 12.;
874 3589 975 3642 whence
997 3593 1017 3643 it
1039 3609 1143 3659 appears

109 3655 271 3772 tihaltiaCicerstq
285 3665 311 3708 at
322 3674 370 3772 pne
380 3660 448 3720 time,
463 3658 569 3723 thought
580 3656 610 3706 of
622 3657 732 3722 erecting
747 3673 762 3705 a
779 3657 908 3706 memorial
924 3657 953 3707 cl
966 3658 1006 3708 his
1023 3659 1144 3724 daughter

133 3737 149 3771 v
196 3737 228 3771 on
268 3723 289 3773 is
301 3724 322 3772 is
332 3732 364 3774 et.

174 3787 277 3838 amiam
298 3802 402 3840 noman.
438 3804 478 3853 cp.
493 3787 568 3839 Ovid.
588 3799 627 3838 lv,
650 3797 705 3851 337.
741 3787 824 3838 When
843 3803 859 3837 a
875 3788 994 3839 Plebeian
1010 3789 1111 3839 entered
1130 3805 1144 3838 a

111 3853 233 3902 Patrician
241 3869 309 3918 gens,
323 3854 366 3904 the
378 3869 478 3919 process
489 3869 540 3904 was
551 3853 646 3903 termed
656 3854 761 3904 adlectio.
798 3854 857 3915 (See
870 3855 986 3918 Ramsay,
1001 3855 1032 3903 R.
1047 3856 1071 3902 A
1075 3855 1102 3914 .).
