2818 4320
246 344 306 413 150
480 345 483 352 ’
639 330 815 400 CICERO

308 504 337 572 5.
383 489 516 556 Servius
530 491 579 556 ad
598 491 690 576 Verg.
705 491 788 558 Aen.
804 492 845 558 V.
866 493 912 559 16.
948 490 1053 560 Cicero
1066 491 1118 557 ait
1131 490 1166 555 in
1181 490 1282 557 libris

242 594 373 678 legum:
397 595 526 680 Stipem
538 594 697 680 prohibeo
710 616 719 675 3
741 617 819 660 nam
834 604 936 679 auget
950 595 1217 681 superstitionem
1244 603 1282 659 et

241 697 395 763 exhaurit
410 697 547 764 domos:
570 698 679 780 dignis
695 698 794 781 igitur
806 697 1015 782 largiendum
1031 707 1089 763 est.

306 801 335 866 6.
381 801 570 867 Macrobius
599 801 640 866 dc
667 801 858 886 differentiis
885 811 918 867 et
936 800 1136 867 societatibus
1160 799 1283 866 Graeci

201 903 421 988 §Latinique
448 903 545 980 verbi,
579 919 625 988 17,
652 905 683 970 6.
730 903 836 971 Cicero
860 904 900 970 de
923 903 1046 988 legibus
1061 904 1176 970 tertio:
1207 903 1279 987 Qui

240 1007 363 1091 poterit
378 1007 484 1072 socios
500 1007 592 1085 tueri,
608 1008 637 1072 si
656 1007 814 1074 dilectum
830 1028 938 1074 rerum
961 1008 1091 1074 utilium
1107 1016 1141 1072 et
1163 1007 1279 1074 inutil-

241 1110 309 1176 ium
325 1131 392 1176 non
406 1109 568 1176 habebit?

305 1229 334 1296 7.
380 1213 578 1290 Macrobius,
597 1212 731 1278 Saturn.
754 1212 816 1279 VI.
831 1231 861 1294 4
876 1219 898 1296 §.
915 1214 945 1279 8.
992 1212 1098 1281 Cicero
1113 1213 1148 1280 in
1163 1213 1280 1297 quinto

133 1373 136 1380 .
177 1347 179 1352 ·
240 1317 280 1382 de
306 1316 449 1401 legibus:
481 1317 586 1382 Visne
620 1316 735 1399 igitur,
765 1318 922 1400 quoniam
952 1317 1003 1382 sol
1042 1316 1217 1402 paululum
1258 1337 1280 1381 a

180 1439 220 1487 10
241 1420 378 1486 meridie
407 1421 473 1484 iam
503 1401 653 1486 deveicus
678 1419 809 1486 videtur
834 1420 1023 1504 nequedum
1049 1421 1130 1485 satis
1156 1421 1202 1484 ab
1224 1420 1279 1484 his

238 1523 377 1590 novellis
404 1523 577 1588 arboribus
605 1523 714 1588 omnis
744 1522 798 1588 hic
827 1522 918 1594 locus
944 1533 1111 1608 opacatur,
1136 1522 1279 1588 descen-

240 1627 359 1693 damus
382 1626 426 1690 ad
453 1626 556 1692 Lirim
583 1646 689 1709 eaque
712 1647 798 1710 quae
824 1635 950 1694 restant
973 1627 1007 1694 in
1033 1627 1096 1692 illis
1119 1626 1278 1694 alnorum

239 1728 439 1796 umbraculis
454 1729 713 1813 persequamur?

303 2025 335 2075 V.
371 2039 410 2089 cp.
431 2023 468 2074 11.
488 2025 511 2084 ἕ.
522 2036 562 2086 40.
598 2023 698 2075 Servius
716 2023 842 2090 evidently
860 2024 882 2076 is
898 2025 1002 2092 quoting
1012 2025 1076 2076 from
1095 2041 1231 2092 memory;
1249 2043 1278 2078 as
1386 2033 1387 2108 l

239 2091 326 2140 Moser
335 2089 386 2140 and
397 2089 480 2140 others
491 2089 554 2140 have
584 2089 668 2139 ointed
680 2096 730 2141 out.

304 2155 350 2206 VI.
386 2155 443 2206 The
453 2155 535 2205 words
592 2154 859 2206 dilectum-habebit
876 2171 919 2206 are
937 2156 1047 2222 wanting
1069 2157 1095 2206 in
1116 2157 1275 2218 Macrobius,

239 2221 284 2270 but
300 2220 415 2287 supplied
425 2220 489 2270 srom
499 2219 538 2270 his
549 2220 699 2286 epitomizer,
717 2236 751 2278 an
764 2221 782 2246 “
790 2223 886 2270 Auctor
895 2221 1001 2272 imertm
1010 2223 1039 2271 de
1048 2222 1117 2271 verbo
1122 2229 1150 2286 p.
1168 2222 1226 2274 160.
1239 2225 1274 2274 cd.

237 2283 374 2337 Endlich.”
408 2285 494 2336 Halm.
531 2283 630 2335 Vahlen
641 2286 736 2350 assigns
747 2285 796 2334 this
807 2301 911 2351 passage
921 2293 948 2337 to
959 2287 1001 2338 the
1012 2303 1062 2376 gap
1078 2296 1105 2338 at
1117 2299 1159 2338 111.
1181 2285 1205 2346 ἕ.
1225 2298 1278 2352 17.;

239 2352 259 2404 it
270 2351 353 2412 refers,
367 2367 400 2417 ap
420 2350 499 2402 arentl
516 2387 523 2411 ,
537 2357 564 2401 to
576 2351 618 2402 the
629 2351 712 2400 clause
748 2349 853 2400 “sooiis
862 2352 1010 2414 mannua
1032 2365 1076 2403 111.
1092 2352 1115 2413 5.
1129 2365 1154 2416 9.

235 2421 237 2424 ’
303 2417 365 2468 VII.
557 2427 596 2467 us.
610 2432 634 2466 v.
648 2416 666 2467 1.
679 2417 842 2468 descendatur.
