2754 4322
231 302 290 384 64*
617 301 795 374 CICERO

231 462 395 548 equidem,
410 473 450 530 ut
462 472 589 550 potero,
604 474 640 531 et
653 465 811 549 quoniam
822 471 857 530 et
867 463 960 530 locus
976 470 1011 529 et
1026 481 1137 529 sermo
1150 458 1272 525 famili-

232 567 297 632 aris
311 574 372 646 est,
387 566 500 651 legum
523 568 614 653 leges
627 588 709 635 voce
731 587 924 652 proponam.
972 565 1010 648 Q.
1048 565 1220 650 Quidnam
1236 563 1272 627 id

233 653 309 736 est?
351 670 404 736 M.
442 670 529 738 Sunt
551 671 641 738 certa
661 672 775 756 legum
796 670 910 749 verba,¹
930 669 1065 754 Quinte,
1092 689 1200 752 neque
1223 669 1272 732 ita

233 774 349 858 prisca,
366 783 404 840 ut
418 775 452 840 in
466 776 631 842 veteribus
647 789 703 840 ΧΠ
725 763 928 857 sacratisque
944 773 1081 858 legibus,
1098 780 1133 837 et
1146 779 1271 848 tamen,

170 888 187 959 5
233 881 301 959 quo
315 877 391 962 plus
405 880 611 945 auctoritatis
625 878 781 957 habeant,
797 877 898 963 paulo
908 877 1096 962 antiquiora
1104 894 1205 958 quam
1217 872 1272 938 hic

232 1000 342 1046 sermo
368 990 428 1046 est
472 982 561 1047 Eum
588 1001 715 1048 morem
741 981 842 1064 igitur
867 1001 944 1046 curn
967 980 1137 1056 brevitate,
1160 977 1189 1042 si
1210 998 1273 1060 po-

233 1091 336 1160 tuero,
365 1105 557 1168 consequar.
616 1086 726 1169 Leges
755 1091 868 1149 autem
899 1104 920 1148 a
950 1104 1004 1148 me
1033 1083 1174 1147 edentur
1202 1101 1272 1144 non

230 1187 518 1272 perfectae-nam
534 1198 623 1255 esset
636 1188 854 1266 infinitum—7
870 1188 930 1253 sed
948 1190 1040 1272 ipsae
1054 1205 1206 1251 summae
1222 1205 1272 1248 re-

232 1311 306 1356 rum
320 1301 423 1376 atque
437 1294 631 1359 sententiae.
678 1291 717 1373 Q.
756 1292 811 1357 Ita
824 1311 904 1357 vero
923 1311 1059 1357 necesse
1073 1297 1146 1370 est;
1167 1307 1274 1372 quare

171 1408 212 1459 10
232 1394 415 1462 audiamus.
775 1392 780 1400 '
1213 1393 1217 1402 '

269 1537 271 1542 .
307 1499 400 1558 VIII.
442 1509 490 1578 19.
532 1497 579 1559 M.
620 1493 677 1562 Ad
704 1495 807 1562 divos
829 1495 988 1562 adeunto
1015 1499 1127 1575 caste,
1157 1491 1272 1574 pieta·

227 1593 303 1658 tem
333 1592 538 1675 adhibento,
572 1609 662 1674 opes
691 1599 893 1662 amovento.
934 1593 1004 1676 Qui
1030 1609 1140 1660 secus
1166 1590 1271 1672 faxit,

231 1688 324 1756 deus
336 1689 414 1771 ipse
426 1689 560 1756 vindex
574 1689 652 1757 erit.

308 1786 511 1867 separatim
532 1803 639 1853 nemo
659 1787 821 1856 habessit
841 1787 930 1855 deos
946 1805 1037 1856 neve
1051 1806 1165 1856 novos
1177 1806 1271 1855 neve

171 1909 185 1948 1
189 1905 206 1968 ς
229 1884 389 1952 advenas
403 1882 471 1950 nisi
485 1883 624 1966 publice
636 1884 819 1955 adscitos:
839 1886 1003 1969 privatim
1017 1886 1163 1953 colunto
1177 1903 1273 1967 quos

228 1983 297 2050 rite
310 1999 334 2047 a
346 1980 509 2062 patribus
521 1985 609 2044 cultos
620 1985 779 2062 acceperint.

308 2081 349 2140 In
375 2080 494 2140 urbibus
521 2078 670 2146 delubra
695 2079 875 2148 habento:
902 2079 1005 2148 lucos
1031 2078 1068 2146 in
1087 2080 1187 2163 agris
1205 2080 1272 2148 ha-

228 2177 339 2246 bento
359 2181 397 2244 et
410 2175 526 2242 larum
540 2176 658 2244 sedes.

311 2273 419 2340 Ritus
442 2273 596 2340 familiae
618 2279 834 2355 patrumque
856 2277 1037 2342 servante.

170 2395 208 2436 20
311 2371 423 2439 Divos
441 2375 479 2438 et
496 2388 574 2454 eos,
585 2371 646 2451 qui
659 2371 838 2438 caelestes
854 2389 998 2452 semper
1010 2370 1132 2454 habiti,
1146 2372 1272 2439 colun-

233 2581 306 2632 code.
339 2580 427 2631 Cicero
446 2587 506 2632 next
524 2580 645 2631 discusses
662 2579 682 2631 it
699 2578 725 2630 iri
742 2579 827 2642 detail,
841 2579 960 2646 dweliing
976 2587 1003 2631 at
1016 2589 1113 2648 greater
1131 2580 1218 2646 length
1235 2599 1272 2634 on

233 2661 303 2697 some
313 2645 408 2722 clauses
419 2645 480 2695 than
490 2662 525 2697 on
535 2646 626 2708 others,
639 2646 690 2696 end
706 2646 872 2711 occasionaily
887 2645 1006 2712 glnncing
1021 2655 1046 2698 at
1064 2647 1107 2699 the
1117 2647 1276 2726 opiniousof

234 2711 667 2866 Romfnoodldnitiiakeunderstands
685 2775 735 2826 this
753 2782 781 2826 to
800 2791 874 2853 mean
895 2775 938 2853 the
963 2774 1066 2842 ‘topie’
1087 2777 1118 2826 de
1137 2778 1254 2843 religione
1258 2794 1272 2838 ,·

233 2839 383 2983 stru
402 2839 1272 2960 renitententisr:sensenna

232 2970 432 3087 uehssdtziyilbfm
442 3046 493 3085 xu.
519 3045 578 3085 uss.
597 3047 639 3085 ex.
649 3034 681 3086 ie
696 3051 735 3100 cp.
752 3048 772 3086 1.
788 3044 826 3100 55.
841 3052 868 3086 n.
903 3036 959 3088 The
974 3043 1085 3087 saeratae
1096 3037 1155 3104 leges
1165 3053 1230 3088 vere
1240 3054 1272 3089 so

232 3103 315 3155 called
329 3104 431 3168 “quum
442 3106 516 3164 caput
534 3101 585 3148 eius
603 3101 648 3165 qui
661 3100 844 3166 contrafecerit
852 3102 1108 3167 ooneeorntur,”pro
1117 3103 1196 3153 Balbo
1206 3115 1268 3156 xlv.

233 3181 274 3232 33.
287 3184 327 3233 cp.
342 3167 406 3232 Livy
417 3177 448 3216 11.
463 3177 503 3229 33,
517 3177 555 3214 1v.
568 3165 609 3242 ,²⁶⁹
623 3177 650 3215 v.
666 3179 704 3215 11.
740 3165 848 3242 &cause
860 3167 924 3232 Livy
932 3167 988 3218 tells
996 3185 1025 3218 us
1036 3167 1090 3218 that
1100 3169 1163 3218 alex
1172 3175 1273 3218 sacrata

233 3249 285 3284 was
296 3233 387 3299 passed
397 3248 430 3282 ou
442 3231 484 3282 the
495 3246 611 3281 occasion
621 3230 701 3282 nithe
710 3246 833 3281 secessron
844 3232 873 3282 of
878 3231 920 3283 the
930 3233 1004 3309 Plehs
1012 3240 1039 3284 to
1047 3233 1173 3310 thenMons
1183 3233 1269 3296 Sacer,

233 3298 383 3375 some-'have
398 3296 557 3362 erroneonsly
572 3297 699 3364 supposed
714 3296 767 3347 that
778 3295 848 3348 these
861 3296 923 3347 laws
933 3298 1035 3349 derived
1046 3298 1109 3350 their
1120 3315 1193 3350 name
1204 3299 1273 3350 hom

234 3363 508 3478 nummi&
531 3425 949 3478 “senmourmae”
977 3427 1054 3480 aare.

270 3559 282 3574 ἢ
298 3494 319 3552 5.
333 3492 373 3571 19.
406 3492 455 3572 gui
474 3505 557 3543 moun
579 3508 619 3559 cp.
641 3492 758 3559 Xenoph.
777 3493 860 3543 Anah.
882 3505 909 3543 V.
932 3492 967 3544 iii.
991 3506 1029 3546 11.
1043 3494 1073 3544 do
1084 3493 1200 3555 δέτιςμὴ
1211 3493 1273 3557 ποιῇ

233 3559 707 3711 ηπᾙιῖιίῖἓῗὶήῧιιῶετκίαρίκς
741 3622 872 3688 Eprilauro
893 3629 916 3673 et
935 3623 1079 3675 Pessinunte
1101 3624 1215 3674 accersita
1236 3631 1273 3676 est

235 3686 576 3812 MMOueteousmaooessnmri?
601 3689 937 3817 iiipadvdgfy’ed‘sldssdslnloo.
969 3753 1047 3804 Bake.
1083 3755 1165 3804 These
1187 3755 1271 3805 words

227 3819 286 3869 ,and
298 3817 341 3868 the
352 3815 405 3866 soll.
421 3815 460 3893 ¹3¹.
470 3816 579 3892 urbihus
589 3833 630 3868 are
642 3819 747 3868 omitted
758 3818 784 3867 in
796 3829 853 3868 uss,
865 3819 911 3868 but
921 3819 1069 3895 necessarily
1077 3820 1193 3909 sugplied
1204 3820 1270 3870 from

235 3887 257 3945 9.
271 3883 311 3934 26.
346 3881 391 3934 old
401 3881 509 3932 editions
518 3897 575 3944 give
589 3883 608 3908 “
616 3884 718 3934 colunto.
735 3883 880 3933 Comtmcta
890 3900 907 3933 a
919 3884 1036 3934 Patnbur
1047 3885 1100 3934 &a
