2754 4322
17 9 157 197 s

225 305 268 374 70
638 292 815 362 CICERO

219 457 415 540 [quocirca]
429 477 475 526 ne
490 457 572 541 quis
585 475 715 541 agrum
735 463 956 528 consecrato.
996 456 1095 540 Auri,
1109 453 1264 537 argenti,

219 554 338 623 eboris
351 555 517 623 sacrandi
532 556 661 624 modus
676 562 765 640 esto.

299 653 412 720 Sacra
425 654 564 735 privata
577 661 751 736 perpetua
764 659 944 721 manento.

302 750 460 816 Deorum
476 752 640 818 Manium
654 753 733 819 iura
746 757 875 821 sancta
892 755 1011 817 sunto.
1056 750 1177 815 Bonos
1190 746 1266 813 leto

182 864 198 925 5
222 847 328 914 datos
352 846 454 916 divos
477 849 655 918 habento:
675 856 862 932 sumptum
886 849 922 914 in
943 848 1033 915 ollos
1054 846 1266 924 luctumque

222 943 421 1013 minuunto.

313 1044 357 1108 X·
400 1062 451 1128 23.
490 1043 528 1124 Q.
562 1045 728 1112 Conclusa
741 1045 877 1130 quidem
893 1053 945 1109 est
958 1065 979 1108 a
994 1051 1037 1120 te,
1049 1041 1158 1117 frater,
1171 1059 1267 1122 mag-

227 1166 272 1211 na
285 1145 342 1211 lex
354 1153 436 1212 sane'
450 1169 551 1232 quam
567 1150 666 1226 brevi,
681 1157 741 1226 set,
754 1157 792 1213 ut
804 1147 883 1212 mihi
895 1147 1030 1231 quidem
1040 1145 1180 1221 videtur,
1197 1164 1266 1208 non

228 1250 369 1316 multum
386 1251 552 1336 discrepat
567 1253 631 1318 ista
645 1253 839 1319 constitutio
865 1251 1060 1334 religionum
1090 1269 1111 1312 a
1134 1245 1267 1330 legibus

167 1370 206 1418 10
228 1355 361 1419 Numae
383 1357 570 1439 nostrisque
592 1357 747 1421 moribus.
791 1356 843 1421 M.
880 1354 938 1418 An
961 1373 1084 1428 censes,
1107 1371 1209 1434 quom
1232 1350 1267 1415 in

227 1457 291 1522 illis
314 1458 357 1522 de
379 1479 414 1522 re
436 1457 569 1542 publica
591 1458 681 1524 libris
697 1460 895 1544 persuadere
910 1458 1062 1523 videatur
1076 1455 1267 1531 Africanus,

228 1561 378 1625 omnium
416 1581 525 1624 rerum
562 1562 769 1644 publicarum
807 1571 955 1628 nostram
992 1570 1139 1625 veterem
1173 1557 1268 1622 illam

228 1663 329 1728 fuisse
344 1672 527 1746 optumam,
544 1685 611 1729 non
628 1685 762 1732 necesse
784 1688 856 1732 esse
878 1675 1037 1749 optumae
1052 1663 1098 1728 rei
1113 1660 1270 1746 publicae

229 1764 319 1848 leges
334 1765 414 1829 dare
429 1769 694 1833 consentaneas?
732 1769 772 1850 Q.
811 1771 921 1834 Immo
943 1788 1061 1852 prosus
1076 1767 1123 1832 ita
1137 1785 1270 1830 censeo.

168 1882 203 1950 15
229 1867 281 1932 M.
318 1868 411 1952 Ergo
426 1868 511 1933 adeo
527 1880 721 1954 exspectate
736 1872 835 1957 leges,
851 1893 937 1956 quae
952 1891 1057 1955 genus
1072 1868 1153 1934 illud
1169 1877 1271 1952 optu-
1357 1920 1358 1942 ,

230 1992 320 2035 mum
352 1972 399 2036 rei
426 1971 578 2056 publicae
601 1977 803 2054 contineant,
828 1985 870 2054 et,
897 1977 925 2040 si
949 1995 1037 2059 quae
1059 1974 1145 2037 forte
1167 1993 1188 2036 a
1213 1992 1272 2036 me

229 2074 330 2140 hodie
340 2075 553 2159 rogabuntur,
570 2098 656 2161 quae
671 2100 738 2144 non
754 2081 821 2145 sint
836 2081 869 2144 in
885 2086 999 2143 nostra
1009 2099 1044 2142 re
1059 2075 1192 2161 publica
1207 2095 1272 2139 nec

230 2178 359 2257 suerint,
384 2189 498 2245 tamen
521 2191 618 2248 erunt
639 2182 708 2247 iere
723 2184 756 2248 in
773 2205 864 2249 more
880 2183 1054 2257 maiorum,
1068 2181 1125 2264 qui
1140 2188 1213 2243 tum
1230 2188 1272 2243 ut

229 2282 287 2348 lex
302 2282 442 2349 valebat
487 2304 537 2372 24
581 2285 653 2349 Att.
692 2287 805 2353 Suade
831 2288 938 2370 igitur,
969 2286 996 2349 si
1023 2284 1141 2368 placet,
1169 2284 1271 2346 istam
1358 2335 1359 2344 ,

166 2403 208 2452 20
230 2387 336 2470 ipsam
352 2386 470 2471 legem,
485 2396 524 2453 ut
538 2408 601 2471 ego
620 2392 720 2459 “utei
734 2397 774 2458 tu
788 2393 917 2472 rogas'’
932 2388 1057 2472 possim
1070 2387 1186 2451 dicere.
1216 2385 1271 2450 M.

230 2489 301 2552 Ain
316 2489 462 2568 tandem,
478 2488 602 2568 Attice,
618 2512 685 2555 non
701 2511 736 2554 es
751 2490 898 2556 dicturus
910 2491 1030 2556 aliter?
1053 2490 1125 2554 Att.
1148 2489 1273 2553 Prosus

296 2808 426 2872 quocirca
462 2809 585 2876 probably
595 2811 761 2876 interpolated
771 2812 866 2873 from5
880 2822 920 2878 45.
957 2814 1035 2864 Bake.
1068 2813 1176 2901 ejdem
1184 2829 1246 2878 ergo

231 2958 260 2992 a
279 2874 336 2991 ..¹1³⁰
332 2874 653 2992 dimittitis:
662 2877 1274 3008 Bittiinittiitiitiiiittii?

232 3007 394 3072 VI1.540..C
409 3006 460 3056 had
471 3008 602 3071 suggested
614 3007 657 3057 the
667 3023 735 3056 same
747 3014 773 3056 to
789 3023 830 3058 me
841 3009 1042 3075 independently
1064 3022 1121 3060 MSS.
1135 3009 1199 3059 have
1210 3023 1270 3069 nos,

232 3073 318 3198 vnlg5.
327 3071 655 3188 giidfficvdirietfficiigd
664 3071 813 3187 digros'ihis
750 3138 1138 3266 ThisAEarogmphisusually5
1078 3139 1236 3205 attnbuted
1244 3146 1274 3189 to

232 3203 347 3316 Atticush:
364 3219 408 3318 οἷό
419 3215 462 3318 ἱῐῐ.
484 3202 700 3331 §.glaclnpsepns
712 3216 796 3318 guam
841 3205 993 3257 eintensive
1011 3222 1072 3256 sane
1081 3207 1145 3267 (ι
1162 3217 1182 3255 1.
1198 3205 1275 3266 n.)1s

233 3276 523 3399 strenfitfflegmyngg.
538 3345 557 3383 1
570 3284 744 3394 §pwairdade
747 3335 807 3398 Rep.
823 3347 840 3384 1.
854 3335 912 3385 xlvi
929 3345 967 3398 70

297 3400 385 3449 erunt.
414 3399 456 3449 the
467 3399 783 3449 tensersaccommodated
793 3401 1008 3462 torogabuntur
1025 3401 1069 3452 the
1080 3400 1272 3477 mosmaiorunr,

233 3462 1273 3593 ttiittizttitittdiffinititrinitati

233 3593 473 3746 flngffmdo.
490 3659 533 3711 the
539 3676 628 3724 person
636 3660 694 3711 who
705 3661 802 3726 spoke
795 3677 821 3711 m
829 3661 916 3712 favour
924 3661 953 3712 of
958 3677 973 3710 a
980 3661 1030 3711 law
1040 3679 1092 3712 was
1099 3662 1152 3712 said
1162 3662 1278 3712 ‘suadere

233 3722 320 3789 legtm’
332 3738 372 3786 cp.
389 3724 497 3774 CatoM.
512 3737 539 3776 v.
556 3739 592 3789 14.
629 3726 685 3776 The
700 3727 787 3776 tabella
801 3727 862 3786 used
873 3727 907 3791 by
918 3742 966 3777 one
976 3728 1064 3791 votrng
1075 3743 1100 3776 1n
1112 3728 1155 3778 the
1165 3726 1274 3778 affirma

233 3790 283 3840 tive
294 3803 345 3838 was
356 3787 479 3838 inscribed
497 3790 522 3839 V.
538 3792 595 3840 R.'
584 3807 601 3840 ι.
615 3806 632 3840 e.
647 3792 687 3840 uti
697 3807 769 3856 rogas
781 3791 858 3852 (Dict.
873 3792 961 3856 Antiq.
978 3792 1099 3853 comino).

298 3852 360 3903 Ain’
372 3851 490 3904 tandem.
517 3870 557 3918 cp.
572 3868 590 3905 1.
604 3858 625 3915 5.
641 3865 679 3918 53.
695 3871 721 3906 n.
733 3856 834 3905 slitsr‘
842 3854 987 3906 otherwise’
999 3858 1045 3906 i..e
1061 3856 1275 3908 ‘nisisuaserimst
