2818 4320
232 315 275 396 98
625 308 800 377 CICERO

232 472 319 556 ignis
344 470 538 558 periculum.
583 469 684 554 Quod
713 478 826 535 autem
860 470 974 536 addit:
1035 491 1125 541 neve
1159 471 1267 555 urit0‚

232 575 365 652 indicat,
396 595 462 638 non
501 574 558 656 qui
594 581 708 638 uratur
743 573 882 656 sepeliri,
912 574 971 637 sed
1008 575 1064 656 qui
1100 573 1266 637 humetur.

230 677 262 742 A
268 687 302 742 tt.
347 676 462 761 Quid?
484 678 540 760 qui
556 686 632 760 post
648 691 704 740 x11
720 677 753 740 in
764 677 845 740 urbe
861 677 981 760 sepulti
996 685 1074 741 sunt
1088 676 1167 740 clari
1182 675 1267 740 viri?

230 781 282 845 M.
327 781 445 858 Credo,
461 780 549 856 Tite,
565 781 664 845 fuisse
684 789 742 844 aut
765 802 830 857 eos,
847 781 965 862 quibus
987 779 1051 844 hoc
1077 789 1156 844 ante
1178 780 1267 844 hanc

189 899 205 968 ς
231 885 339 969 legem
368 887 498 952 virtutis
528 907 628 952 causa
657 886 819 951 tributum
845 895 905 962 est,
931 894 968 950 ut
1003 886 1200 963 Publicolae,
1227 894 1266 950 ut

230 988 388 1066 Tuberto,
406 991 496 1074 quod
513 1011 626 1054 eorum
642 991 765 1075 posteri
782 991 850 1054 iure
870 999 1055 1067 tenuerunt,
1072 999 1131 1055 aut
1154 1011 1220 1066 eos,
1236 989 1265 1054 si

230 1093 287 1176 qui
312 1092 385 1170 hoc,
409 1103 446 1158 ut
471 1093 506 1159 C.
529 1094 706 1170 Fabricius,
733 1095 862 1158 virtutis
886 1114 986 1158 causa
1010 1094 1109 1158 soluti
1136 1094 1265 1176 legibus

230 1198 398 1261 consecuti
423 1205 509 1262 sunt.
556 1198 624 1264 Sed
648 1197 743 1259 utin
767 1197 848 1260 urbe
863 1197 993 1280 sepeliri
1015 1197 1073 1260 lex
1093 1206 1194 1273 vetat,
1218 1199 1266 1284 sic

230 1300 400 1364 decretum
427 1321 447 1364 a
472 1301 666 1384 pontificum
693 1299 841 1382 collegio,
868 1318 934 1364 non
958 1321 1029 1365 esse
1060 1302 1110 1365 ius
1133 1302 1166 1364 in
1190 1301 1266 1364 loco

168 1418 208 1468 10
229 1404 362 1487 publico
386 1403 455 1467 fieri
483 1403 700 1487 sepulchrum.
746 1403 862 1467 Nostis
886 1412 983 1467 extra
1005 1412 1136 1487 portam
1163 1402 1267 1468 Colli-

231 1527 308 1571 nam
325 1507 444 1570 aedem
463 1507 629 1572 Honoris:
651 1525 744 1570 aram
760 1507 792 1569 in
809 1528 849 1570 eo
864 1505 938 1571 loco
962 1506 1062 1571 fuisse
1086 1507 1267 1570 memoriae

228 1609 398 1693 proditum
415 1618 473 1673 est.
518 1608 577 1672 Ad
593 1627 667 1672 eam
683 1629 759 1672 cum
775 1609 897 1672 lamina
914 1619 1000 1674 esset
1016 1610 1150 1674 inventa
1173 1619 1208 1674 et
1233 1611 1267 1674 iu

228 1732 269 1776 ea
283 1711 443 1794 scriptum
459 1711 583 1775 lamina
597 1731 606 1775 ε
622 1715 789 1798 Honoris,
806 1733 846 1776 ea
860 1733 961 1777 causa
975 1712 1038 1777 luit
1051 1712 1143 1776 aedis
1166 1711 1267 1778 huius

228 1814 442 1878 dedicandae.
489 1812 556 1878 Sed
587 1834 689 1897 quom
721 1815 826 1880 multa
856 1815 889 1878 in
919 1836 959 1879 eo
987 1815 1060 1879 loco
1090 1815 1267 1898 sepulchra

166 1930 201 2000 15
227 1909 375 1991 fuissent,
401 1925 539 1980 exarata
561 1926 661 1996 sunt;
691 1919 809 1983 statuit
835 1917 1125 2001 enim-collegium
1152 1918 1265 1983 locum

228 2020 397 2106 publicum
413 2040 480 2083 non
496 2021 643 2103 potuisse
658 2021 787 2103 privata
802 2020 960 2103 religione
975 2021 1121 2104 obligari.

290 2132 339 2202 59.
387 2124 461 2187 Iam
493 2132 603 2186 cetera
636 2124 670 2186 in
707 2137 764 2187 XII
802 2125 971 2202 minuendi
1002 2134 1155 2208 sumptus
1185 2133 1266 2190 sunt

226 2226 540 2310 lamentationisque
569 2225 724 2303 funebris,
756 2225 917 2292 translata
953 2227 995 2292 de
1034 2227 1166 2295 Solonis
1197 2229 1266 2294 lere

289 2472 451 2523 Publicolae.
477 2474 505 2522 P.
519 2472 634 2522 Valerius
646 2473 673 2522 P.
688 2473 778 2523 author
788 2474 818 2524 ol
825 2473 868 2524 the
878 2475 932 2523 Lex
946 2475 1041 2524 Valm’a
1050 2475 1079 2525 de
1084 2478 1262 2540 provocatione.

227 2537 345 2588 Plutarch
356 2538 481 2598 (Publicol.
496 2540 592 2600 xx111.)
608 2538 731 2588 mentions
747 2538 802 2588 that
820 2539 853 2589 he
869 2555 920 2590 was
934 2539 1022 2590 buried
1041 2556 1101 2591 near
1117 2541 1160 2592 the
1171 2542 1267 2604 Velia;

227 2604 277 2652 and
289 2602 342 2652 that
353 2600 387 2651 all
397 2599 437 2651 his
447 2603 611 2652 descendants
629 2617 693 2653 were
711 2604 815 2654 entitled
833 2611 860 2654 to
879 2604 911 2654 be
927 2605 1015 2654 buried
1034 2607 1123 2668 there;
1145 2607 1190 2658 but
1209 2609 1266 2658 that

226 2667 286 2732 they
297 2665 391 2731 merely
401 2668 510 2716 asserted
519 2666 584 2716 their
594 2665 715 2733 privilege
725 2669 829 2718 without
841 2669 978 2735 exercising
988 2671 1015 2720 it.

292 2732 414 2781 Tuberto.
435 2732 463 2782 P.
478 2730 620 2782 Postumius
631 2733 661 2782 Τ.
675 2751 682 2794 ;
695 2731 758 2798 Livy
766 2736 806 2794 (11.
819 2736 872 2797 33.)
884 2735 943 2800 only
951 2752 1007 2801 says
1015 2737 1068 2785 that
1076 2735 1115 2785 his
1124 2736 1261 2802 colleague,

223 2795 337 2863 Agrippa
357 2793 488 2846 Menenius
507 2797 575 2858 (Cos.
599 2797 628 2846 U.
647 2798 674 2847 C.
688 2800 756 2861 251),
770 2814 821 2849 was
838 2799 925 2850 buried
943 2808 969 2850 at
988 2801 1030 2850 the
1050 2817 1158 2866 expense
1175 2803 1204 2852 of
1221 2803 1265 2854 the

224 2864 377 2915 Commons:
395 2861 473 2911 hence
485 2861 554 2911 Bake
566 2862 652 2926 opines
663 2863 716 2912 that
729 2863 838 2914 Cicero's
848 2865 1002 2931 clrronology
1013 2866 1034 2915 is
1050 2874 1076 2916 at
1092 2867 1162 2917 fault.

287 2922 443 3041 Fobpip'iusi]
471 2927 500 2977 C.
524 2926 652 2977 Fabricius
670 2927 792 2978 Luscinus
811 2930 880 2991 (Cos.
893 2941 962 2993 472„
975 2931 1045 2994 476„
1056 2930 1127 2995 481.)
1145 2931 1187 2982 the
1204 2949 1265 2983 con·

241 3009 341 3046 ueroro
386 3009 426 3057 yrr
444 3007 481 3041 us.

224 3011 241 3060 q
288 3056 391 3108 lamine
410 3055 533 3106 Honoris.
570 3068 628 3107 MSS.
641 3056 706 3108 have
719 3059 789 3108 mina
801 3059 830 3108 B.
845 3059 880 3109 H.
895 3060 995 3110 domina
1011 3061 1045 3111 A.
1060 3060 1149 3112 Before
1165 3061 1261 3123 Moser,

222 3123 320 3174 lamina
331 3139 382 3174 was
394 3122 519 3198 supposed
531 3129 558 3172 to
568 3123 601 3172 be
611 3130 667 3186 part
678 3124 708 3172 of
715 3124 757 3172 the
768 3123 921 3189 inscription.
949 3126 1048 3176 Vahlen
1060 3135 1148 3192 quotes
1158 3127 1189 3175 de
1197 3128 1261 3178 Nat.

222 3191 296 3240 Deor.
322 3199 366 3239 111.
391 3204 473 3246 xxx1v,
496 3186 535 3249 84
575 3189 629 3236 “in
649 3188 737 3252 quilms
757 3189 863 3251 (mensis)
883 3207 939 3240 cum
959 3207 1028 3241 mon
1042 3193 1127 3242 ueteris
1150 3193 1268 3242 Graecae

221 3256 366 3318 inrm'ptum
378 3261 434 3303 esset
442 3252 621 3303 BONORUM
636 3253 799 3304 DEORUM.
804 3253 818 3278 ’³

286 3319 392 3380 privata
401 3318 539 3381 religiono.
578 3318 649 3366 “Ex
667 3335 715 3368 ara
732 3325 755 3368 et
771 3319 868 3368 lamina
887 3321 965 3370 locum
983 3337 1030 3371 erse
1041 3321 1169 3386 publium
1186 3324 1265 3372 conk-

221 3390 339 3433 ceruntet
349 3399 455 3434 sacrum.
491 3383 561 3433 Num
577 3384 676 3433 lamella
694 3400 763 3434 aerea
781 3385 897 3434 assimilis
913 3387 993 3436 stellae
1007 3387 1064 3436 locis
1078 3387 1266 3451 inaugurandu

216 3447 424 3514 praefigebaturJ’
457 3449 700 3514 Tumeb.-Things
712 3450 842 3500 dedicated
854 3457 881 3500 to
892 3450 934 3500 the
947 3451 1077 3503 Celestials
1093 3452 1197 3503 becanoe
1211 3454 1265 3503 ‘res

220 3511 326 3562 sacrae?
343 3514 415 3564 those
424 3515 574 3564 abandoned
590 3522 617 3564 to
628 3514 671 3564 the
687 3515 798 3564 Infemal
817 3515 887 3566 Gods
907 3518 959 3566 ‘res
978 3517 1108 3580 religiosae
1119 3515 1135 3579 ;'
1154 3533 1170 3566 a
1189 3517 1264 3582 place

222 3580 325 3629 became
341 3594 357 3627 a
371 3580 450 3628 ‘locus
460 3578 591 3645 religiosus'
602 3596 671 3644 upon
687 3596 703 3629 a
719 3596 761 3630 cor
780 3596 806 3631 se
817 3581 893 3646 being
903 3576 1033 3646 deposited
1045 3582 1132 3643 there;
1179 3585 1269 3634 evided

220 3642 412 3774 aemiplwaTs
422 3644 487 3769 dpnp
498 3645 559 3696 with
569 3644 612 3695 the
623 3653 752 3697 consento
780 3647 823 3696 the
841 3661 925 3696 owner
941 3645 970 3696 ol
984 3646 1027 3697 the
1049 3647 1103 3698 soil
1152 3647 1265 3700 Sandars

270 3708 315 3758 tin.
361 3744 368 3758 ο
407 3709 432 3758 it·
459 3741 486 3759 οι

286 3776 306 3833 5.
321 3773 363 3823 59.
399 3772 525 3824 funebris.
561 3773 662 3824 Davies.
669 3776 773 3839 funeris
784 3787 841 3827 uss.
874 3776 924 3826 For
936 3776 978 3826 the
989 3777 1097 3841 genitive
1113 3777 1177 3827 ester
1187 3781 1272 3844 sunt!

220 3840 269 3890 See
280 3837 392 3902 Madvig,
406 3837 436 3888 L.
455 3839 482 3888 G.
497 3841 518 3898 5.
532 3849 589 3901 417.
604 3841 666 3890 Obs.
678 3853 702 3901 4.
1152 3855 1153 3861 ’
