2754 4322
540 262 611 327 DE
633 261 859 328 LEGIBUS.

468 521 615 585 LIBER
659 519 928 588 SECUNDUS.

212 674 238 738 Ι.
289 691 311 739 1.
349 673 488 739 Atticus.
517 674 585 741 Sed
614 674 716 752 visne,
747 675 906 759 quoniam
941 684 976 739 et
1004 673 1085 739 satis
1115 673 1182 737 iam

144 777 354 842 ambulatum
369 788 420 842 est
435 786 469 841 et
484 778 544 841 tibi
560 776 650 841 aliud
671 777 802 841 dicendi
827 779 957 842 initium
982 777 1182 842 sumendum

145 885 205 957 est,
221 880 330 944 locum
348 891 513 944 mutemus
530 890 563 945 et
579 881 612 944 in
627 878 743 957 insula,
760 900 845 964 quae
864 892 915 946 est
937 883 971 945 in
996 880 1183 945 Fibreno-

145 1003 233 1060 nam,
250 985 376 1067 opinor,
392 983 425 1046 id
451 983 496 1046 illi
512 983 606 1048 alteri
629 982 755 1047 flumini
771 1004 894 1047 nomen
919 993 1022 1061 est-,
1038 982 1182 1048 sermoni

144 1086 272 1169 reliquo
287 1087 405 1150 demus
420 1107 556 1168 operam
579 1086 757 1151 sedentes?
822 1087 873 1150 M.
920 1087 1010 1154 Sane
1025 1086 1183 1171 quidem;
1208 1098 1222 1166 5

145 1211 224 1253 nam
247 1189 304 1253 illo
327 1188 401 1253 loco
423 1189 639 1254 libentissime
661 1189 753 1254 soleo
776 1191 835 1266 uti,
851 1190 920 1255 sive
944 1190 1024 1274 quid
1052 1209 1182 1253 mecum

145 1294 217 1376 ipse
232 1292 344 1375 cogito
359 1293 428 1357 sive
442 1293 566 1376 aliquid
582 1294 690 1358 scribo
706 1302 764 1358 aut
779 1292 863 1376 lego.
908 1311 937 1364 2.
975 1293 1047 1357 Art.
1078 1292 1183 1374 Equi·

144 1395 233 1472 dem,
259 1396 315 1478 qui
341 1417 429 1460 nunc
454 1398 663 1480 potissimum
693 1397 758 1461 huc
787 1397 943 1474 venerim,
973 1397 1085 1461 satiari
1116 1415 1182 1459 non

144 1519 242 1582 queo,
273 1500 532 1585 magnificasque
567 1500 662 1565 villas
699 1509 733 1566 et
769 1501 962 1584 pavimenta
999 1519 1183 1565 marmorea

145 1611 181 1665 et
209 1602 363 1686 laqueata
395 1612 484 1668 tecta
512 1612 715 1668 contemno:
751 1604 870 1669 ductus
899 1625 977 1669 vero
1012 1623 1182 1687 aquarum,
1211 1618 1250 1664 10

144 1726 228 1788 quos
251 1705 303 1770 isti
327 1706 411 1770 nilos
434 1715 468 1771 et
492 1707 623 1790 euripos
648 1714 778 1784 vocant,
803 1708 877 1790 quis
903 1728 978 1785 non,
1002 1727 1078 1772 cum
1101 1705 1184 1768 haec

142 1808 264 1886 videat,
281 1809 447 1875 inriserit?
493 1811 619 1892 Itaque,
636 1819 673 1874 ut
695 1819 732 1874 tu
755 1809 855 1893 paulo
881 1821 960 1876 ante
984 1812 1026 1874 de
1050 1809 1124 1893 lege
1150 1817 1184 1872 et

143 1912 186 1976 de
202 1912 272 1976 iure
286 1913 450 1976 disserens
466 1912 508 1976 ad
525 1921 677 1977 naturam
694 1912 857 1987 referebas
872 1916 993 1992 omnia,
1017 1915 1063 1978 sic
1079 1914 1112 1977 in
1132 1912 1183 1976 his

142 2015 223 2098 ipsis
238 2015 344 2093 rebus,
361 2036 447 2099 quae
462 2015 507 2078 ad
530 2016 712 2099 requietem
735 2017 836 2080 animi
860 2016 1183 2100 delectationemque

143 2127 354 2201 quaeruntur,
378 2128 497 2183 natura
511 2119 709 2183 dominatur.
755 2117 868 2201 Quare
882 2129 982 2184 antea
997 2119 1183 2183 mirabar-
1210 2130 1244 2197 15

143 2221 225 2284 nihil
241 2223 329 2284 enim
344 2221 395 2286 his
410 2223 445 2284 in
468 2221 547 2286 locis
570 2221 633 2285 nisi
659 2241 744 2286 saxa
769 2231 804 2286 et
828 2231 959 2286 montes
983 2221 1181 2306 cogitabam,

143 2324 258 2405 itaque
286 2332 324 2387 ut
353 2323 495 2389 facerem
525 2334 560 2388 et
592 2325 796 2389 orationibus
833 2325 1013 2389 inducebar
1049 2325 1114 2389 tuis
1149 2333 1182 2389 et

81 2429 83 2433 ’
142 2425 404 2502 versibus—sed
427 2427 577 2505 mirabar,
593 2437 632 2491 ut
653 2427 734 2506 dixi,
750 2436 785 2492 te
808 2437 879 2493 tam
902 2428 999 2493 valde
1024 2426 1182 2493 hocloco

143 2527 320 2594 delectari:
357 2550 444 2594 nunc
474 2539 590 2595 contra
620 2531 719 2595 miror
755 2540 798 2608 te,
828 2551 904 2595 cum
935 2532 1046 2596 Roma
1083 2531 1180 2606 absis,

208 2760 243 2819 ἕξ.
257 2759 329 2808 1-6.
365 2759 420 2809 The
438 2761 557 2826 proposal
573 2761 603 2811 of
610 2761 710 2811 Atticus
721 2761 774 2811 that
791 2761 850 2826 they
861 2763 952 2812 should
963 2763 1021 2814 shift
1032 2763 1097 2813 their
1107 2779 1179 2828 quar·

142 2832 192 2875 ters
204 2832 230 2874 to
242 2840 274 2873 an
286 2823 342 2873 islet
353 2824 383 2873 of
397 2824 440 2875 the
452 2826 581 2886 Fibrenus,
595 2827 634 2876 for
649 2826 693 2876 the
708 2827 816 2877 reuewal
833 2827 863 2877 of
878 2828 943 2878 their
958 2829 1091 2889 discourse,
1110 2828 1180 2878 leads

142 2898 170 2940 to
192 2905 262 2940 some
283 2889 395 2939 remarks
416 2906 450 2940 ou
471 2891 513 2941 the
535 2892 700 2958 surrouuding
721 2908 844 2958 scenery;
867 2894 892 2943 in
915 2894 997 2944 which
1018 2895 1114 2954 Cicero,
1137 2892 1180 2942 the

145 2958 247 3004 ‘novus
257 2954 350 3004 homo'
362 2955 413 3005 and
424 2955 629 3018 ‘munierpQ'
641 2958 711 3008 takes
720 2958 834 3008 occasion
843 2966 869 3008 to
879 2960 950 3024 reply
961 2958 1092 3022 indirectly
1103 2965 1129 3006 to
1140 2957 1179 3006 his

142 3021 407 3146 detmgthisfflhrem.
422 3101 461 3150 cp.
477 3086 552 3138 Silius
564 3087 621 3136 Ital.
636 3099 698 3137 vm.
713 3101 770 3150 400.
799 3089 863 3137 “At
876 3089 921 3152 qui
930 3088 1032 3138 Fibreno
1043 3087 1177 3136 miscentem

134 3150 257 3266 {rymgrz
267 3151 356 3240 ,herim
377 3152 553 3216 Sulphureum,
577 3153 702 3218 tacitisque
714 3153 792 3215 ¹vadis
812 3154 848 3202 ad
866 3155 939 3203 litora
960 3154 1058 3216 lapsum
1086 3153 1178 3202 Accole't

181 3223 301 3342 piopihor
311 3280 345 3332 ld.
366 3294 424 3332 mss.
439 3281 502 3332 omit
512 3281 541 3331 td
550 3283 634 3332 which
644 3282 665 3332 is
676 3283 792 3348 supplied
808 3284 842 3347 by
854 3283 947 3332 Davies
955 3300 964 3344 ;
987 3282 1066 3332 Halm
1085 3283 1177 3348 prefers

142 3345 200 3396 hoc.
238 3346 516 3397 Goerenzmnolrort

208 3412 264 3472 §.2
284 3415 458 3473 potissimum
479 3413 521 3462 On
532 3412 581 3462 this
591 3412 637 3462 hot
647 3411 776 3462 summer’s
786 3413 842 3476 day.
857 3428 897 3477 cp.
913 3424 930 3461 1.
942 3414 963 3472 ς.
981 3423 1017 3477 15.
1032 3413 1082 3462 and
1094 3415 1175 3475 Plato,

60 3535 61 3538 Ἴ
143 3475 241 3526 Phaedr.
261 3489 316 3540 229.
331 3478 364 3528 A.
402 3480 520 3528 ἅλλωςτε
537 3479 957 3541 καὶτήνδετὴνῶραντοΰέτουςτε
969 3481 1063 3540 καὶτῆς
1078 3481 1175 3543 ἡμέρας.

208 3540 262 3591 uu
302 3544 378 3607 ‘your
397 3542 447 3593 fine
466 3540 577 3593 friends!
606 3543 657 3592 For
675 3542 745 3593 these
763 3551 954 3608 extravagances
972 3560 1013 3609 cp.
1030 3545 1111 3610 Pliny,
1124 3547 1175 3611 Ep.

144 3616 163 3656 1.
178 3617 201 3669 3.
238 3608 334 3668 Cicero,
348 3609 385 3657 ad
393 3609 425 3672 Q.
440 3609 469 3658 F.
485 3620 527 3658 111.
542 3621 566 3670 9.
774 3614 775 3618 ’

208 3672 378 3723 orationibus.
414 3689 453 3738 cp.
477 3674 622 3740 Plancrx.
645 3684 707 3732 22.;
734 3672 813 3723 Attio
839 3685 869 3724 11.
895 3675 961 3740 Epp.
987 3687 1034 3726 xv.
1055 3687 1077 3738 3.
1098 3675 1131 3725 xi.
1151 3688 1176 3724 2.

144 3735 230 3785 Moser
241 3736 347 3802 thought
357 3738 411 3788 that
423 3736 533 3788 Cicero's
547 3736 751 3799 ‘conversation,'
763 3739 845 3788 rather
855 3739 916 3790 than
931 3741 970 3789 his
984 3741 1111 3806 speeches,
1128 3755 1180 3790 was

143 3800 243 3850 alluded
254 3812 290 3864 to,
302 3803 347 3853 but
359 3803 428 3854 Bake
440 3803 535 3867 objects
547 3804 600 3853 that
611 3804 661 3853 this
672 3804 756 3854 would
768 3805 864 3870 require
875 3806 917 3856 the
930 3806 1046 3870 singular
1057 3805 1180 3856 Number.
