2818 4320
484 334 558 400 DE
593 334 822 404 LEGIBUS.
1108 351 1174 417 ¹19

133 472 268 558 publica
291 486 525 559 quaereretur:
556 479 616 546 sed
641 480 739 546 hulus
765 480 828 546 loci
855 478 898 545 de
922 479 1170 564 magistratibus

133 587 213 642 sunt
238 581 372 663 propria
397 581 572 665 quaedam,
589 603 610 648 a
631 583 865 668 Theophrasto
879 584 1032 668 primum,
1048 583 1170 648 deinde

134 701 157 744 a
170 681 281 747 Dione
297 681 412 748 Stoico
427 687 577 768 quaesita
592 686 753 752 subtilius.

199 784 260 850 v1.
286 803 333 870 14.
378 787 450 853 Art.
480 787 551 855 Ain
580 790 744 855 tandem?
780 790 882 856 etiarn
907 809 929 855 a
955 790 1076 857 Stoicis
1105 789 1171 854 ista

134 894 278 953 tractata
292 889 396 954 sunt?
460 891 512 956 M.
557 893 637 958 Non
652 913 733 958 sane
750 893 812 958 nisi
827 893 871 956 ab
886 914 935 971 eo,
951 913 1052 978 quern
1068 892 1170 959 modo
1215 903 1231 974 5

134 992 313 1068 nominavi,
343 1001 377 1057 et
405 1002 523 1078 postea
552 1015 573 1060 a
610 1016 733 1079 magno
761 996 897 1060 homine
925 1005 960 1060 et
989 996 1022 1059 in
1055 996 1170 1080 primis

134 1094 274 1172 erudito,
307 1095 472 1162 Panaetio,
532 1099 622 1163 Nam
651 1108 780 1164 veteres
807 1098 909 1164 verbo
938 1107 1036 1164 tenus
1072 1107 1170 1164 acute

134 1196 182 1261 illi
206 1198 351 1280 quidem,
378 1198 437 1264 sed
462 1221 529 1265 non
555 1200 707 1266 adhunc
732 1222 828 1267 usum
852 1201 1045 1285 popularem
1068 1210 1170 1285 atque

133 1299 275 1377 civilem,
290 1301 333 1366 de
348 1322 382 1366 re
397 1303 529 1386 publica
544 1303 765 1371 disserebant:
788 1305 831 1370 ab
844 1305 908 1370 hac
923 1305 1047 1369 familia
1062 1306 1169 1387 magis

134 1403 200 1468 ista
226 1415 402 1470 manarunt
430 1406 568 1472 Platone
592 1409 747 1492 principe.
794 1409 874 1474 Post
895 1407 1095 1473 Aristoteles
1121 1409 1169 1470 in·
1195 1424 1236 1473 10

133 1505 287 1581 lustravit
317 1529 452 1574 ornnem
481 1509 569 1575 hunc
599 1511 727 1576 civilem
757 1512 792 1577 in
821 1511 1023 1595 disputando
1059 1511 1169 1575 locum

136 1610 399 1695 Heraclidesque
430 1613 585 1679 Ponticus
614 1615 781 1698 profectus
810 1616 855 1680 ab
879 1615 999 1680 eodem
1024 1615 1169 1680 Platone.

134 1713 388 1798 Theophrastus
410 1737 507 1794 vero,
525 1719 696 1782 institutus
719 1719 763 1784 ab
783 1719 976 1808 Aristotele,
999 1718 1170 1796 habitavit,

90 1861 93 1866 -
134 1825 175 1881 ut
200 1819 299 1894 scitis,
315 1819 348 1882 in
373 1839 413 1884 eo
429 1840 549 1902 genere
575 1841 693 1897 rerum,
709 1822 754 1885 ab
777 1822 962 1906 eodemque
988 1820 1171 1887 Aristotele

135 1919 254 1985 doctus
278 1921 501 1988 Dicaearchus
523 1923 600 1988 huic
615 1925 733 1988 rationi
759 1925 936 2009 studioque
963 1946 1030 1990 non
1056 1925 1169 1990 deluit.
1196 1938 1232 2007 15

137 2023 216 2088 Post
242 2045 274 2110 a
288 2025 520 2109 Theophrasto
545 2026 722 2093 Phalereus
749 2028 803 2092 ille
830 2029 1029 2106 Demetrius,
1046 2030 1172 2112 dequo

199 2239 274 2300 514.
310 2239 447 2291 Panaetio.
484 2241 617 2292 Panaetius
643 2241 673 2290 of
697 2241 807 2300 Rhodes,
832 2241 911 2291 t'riend
938 2241 969 2291 of
992 2241 1034 2291 the
1061 2258 1172 2306 younger

132 2303 273 2366 Africanus,
288 2306 377 2355 author
387 2306 416 2356 of
432 2307 556 2356 atreatise
567 2307 622 2369 erpi
633 2309 677 2355 τοῦ
687 2308 833 2366 καθήκοντος
849 2305 891 2356 the
902 2306 1007 2372 original
1019 2307 1049 2356 ol
1061 2305 1170 2358 Cicero's

133 2371 272 2434 deOfficiis.
309 2371 420 2432 (Preller,
434 2373 470 2421 H.
485 2373 515 2423 P.
529 2373 634 2434 §.²429.)

168 2501 181 2562 ἓ
199 2437 309 2549 {oteres
329 2436 437 2486 Theold
449 2437 539 2498 Stolos,
552 2437 628 2498 Zeno,
639 2435 773 2486 Cleanthes
783 2435 828 2486 &a
839 2447 858 2486 1.
867 2436 888 2497 5.
900 2435 940 2500 36.
951 2434 1057 2487 n.-i.lli
1064 2434 1171 2498 quidem

133 2513 154 2550 1.
182 2537 188 2550 .
221 2517 267 2550 .n.

199 2567 280 2615 verbo
291 2567 375 2617 mnus.
398 2568 450 2617 “so
460 2565 498 2616 far
509 2582 537 2616 as
548 2577 615 2616 mere
625 2567 707 2617 words
718 2581 751 2632 go
763 2563 786 2616 θ’
809 2580 867 2631 opp.
882 2572 909 2616 to
920 2567 928 2594 ⁸
938 2582 965 2616 re
973 2573 996 2615 et
1009 2566 1076 2617 usu)
1099 2567 1170 2617 Bake

133 2630 248 2696 explains
274 2633 315 2681 “i.
329 2648 347 2681 e.
366 2639 473 2692 tantum,
493 2640 616 2696 quantum
632 2633 768 2681 dialecticae
782 2630 1081 2696 siebtilitatisatisfaeiat.”
1114 2633 1170 2682 The

133 2697 250 2747 dialectis
272 2697 379 2761 subtlety
401 2698 430 2747 oi
449 2697 492 2747 the
514 2698 596 2748 Stolos
618 2697 640 2746 is
661 2697 802 2747 contrasted
825 2697 886 2746 with
907 2697 949 2747 the
967 2713 1036 2748 more
1053 2698 1171 2763 practical

133 2762 242 2876 theogies
260 2762 289 2811 of
305 2763 347 2812 the
357 2763 527 2888 ἔεῖἰροῐεῐίοε.
563 2764 620 2812 Van
632 2763 737 2827 Lynden
747 2779 830 2827 comp.
845 2763 961 2813 Plutarch
973 2765 1012 2824 (de
1020 2765 1169 2828 Repugeron·

133 2829 175 2878 nis
205 2827 303 2876 toe'c.1o
379 2864 407 2878 .,
1122 2840 1124 2846 ·

199 2840 372 2942 haoiaulllta.
408 2894 486 2956 “qua
497 2891 751 2951 nuncindicabitur,'’
768 2892 845 2942 Bake.
882 2892 1170 2943 AcademicsandPeri·

133 2957 240 3022 patetics
258 2973 300 3006 are
318 2958 436 3022 regarded
448 2974 476 3007 as
494 2974 542 3008 one
559 2957 652 3022 family,
676 2970 693 3008 1.
708 2961 728 3018 5.
744 2968 783 3022 55.
820 2958 911 3008 Others
922 2958 995 3008 think
1012 2958 1066 3007 that
1076 2959 1127 3007 hao
1140 2979 1168 3000 =

134 3029 220 3072 nostra
238 3023 267 3083 (1.
281 3024 302 3082 5.
317 3021 339 3072 8.
355 3025 403 3083 n.),
425 3024 514 3074 Cicero
531 3023 653 3089 speaking
674 3039 701 3072 as
718 3039 751 3072 an
770 3023 924 3073 Academica
943 3038 981 3087 cp.
1004 3034 1022 3072 1.
1039 3025 1060 3082 5.
1075 3033 1125 3087 53„
1142 3025 1172 3073 de

133 3088 221 3137 N.·D.
237 3099 254 3137 1.
271 3098 293 3151 5.
330 3087 440 3138 Scheffer
451 3088 515 3152 conj.
551 3088 585 3137 ab
597 3087 829 3138 Aoedemloaiam.

199 3151 404 3214 indispntando.
452 3154 525 3203 “ie.
550 3154 616 3202 hanc
634 3169 729 3203 omnem
741 3153 908 3218 philosophiae
921 3158 1026 3216 parton,
1051 3169 1113 3216 qnae
1137 3155 1174 3203 ad

132 3218 241 3267 civitates
257 3219 448 3282 pertinet—per
468 3220 638 3282 metonymiam
691 3235 704 3268 o
725 3235 753 3268 re
779 3216 965 3279 (philosophia)
982 3218 1089 3281 ponitur
1109 3221 1170 3268 actio

132 3282 289 3346 (disputare)
300 3299 356 3332 eum
367 3300 394 3333 re
403 3282 558 3334 coniuncta.”
592 3226 734 3348 Feldffcp.
750 3294 767 3332 1.
782 3285 803 3342 5.
818 3281 857 3345 36.

200 3347 361 3398 Heraclidas.
392 3348 422 3398 ol
430 3349 554 3399 Heraclea
564 3349 591 3398 in
603 3348 704 3410 Pontus,
718 3365 734 3398 a
745 3347 816 3413 pupil
827 3347 856 3396 of
864 3346 943 3407 Plato,
957 3353 1035 3396 wrote
1046 3363 1061 3396 a
1071 3349 1170 3400 treatise

131 3413 189 3476 trapi
201 3413 283 3472 νόμων.
298 3429 337 3490 cp.
358 3414 455 3463 Tuscnl.
469 3426 495 3463 v.
510 3413 544 3464 iii.
559 3413 583 3464 8.
1110 3451 1112 3460 .

199 3477 339 3528 habitavit.
374 3495 414 3545 cp.
428 3480 539 3529 deOrai.
554 3490 585 3528 11.
599 3478 699 3528 xxxviii.
716 3477 770 3528 160.
808 3477 971 3526 “Illiauiem
982 3477 1169 3540 quihocsolum

131 3543 260 3593 colendum
270 3545 388 3592 ducebant
397 3542 552 3593 habitarunt
562 3546 590 3593 in
601 3545 648 3593 hoc
658 3559 712 3592 uno
724 3543 818 3592 ratione
826 3540 983 3592 tractanda.”
1016 3543 1117 3596 nautes

199 3607 386 3658 Dicaearchus.
417 3608 446 3659 of
463 3610 581 3660 Messana
602 3609 628 3659 in
646 3608 730 3673 Sicily,
756 3608 927 3672 Philosopher,
959 3607 1089 3658 Historiam
1116 3611 1167 3660 and

133 3674 305 3738 Geographer.
341 3674 451 3735 (Preller,
465 3676 501 3724 H.
517 3677 546 3725 P.
561 3676 581 3736 5.
596 3675 674 3738 357.).
1165 3728 1171 3745 ⁸

200 3752 218 3787 a
228 3738 416 3800 Theophrasto.
454 3740 532 3800 Bake,
546 3741 603 3789 who
615 3738 698 3790 would
709 3738 771 3788 omit
783 3737 845 3788 both
855 3735 995 3788 institutus
1011 3740 1061 3788 and
1077 3739 1170 3788 doctus

132 3804 224 3863 above,
236 3801 321 3854 thinks
340 3805 394 3854 that
405 3805 447 3854 the
465 3805 618 3870 preposition
630 3805 651 3854 is
670 3805 730 3855 used
741 3804 800 3854 here
819 3805 884 3853 asin
902 3805 932 3853 de
952 3803 998 3869 Off
1021 3817 1063 3854 111.
1083 3805 1166 3854 xxxiii.

136 3869 192 3919 116.
209 3870 306 3932 “aequi
324 3870 357 3918 ab
368 3869 503 3932 Aristippo
516 3871 646 3934 Cyrenaici
652 3868 666 3892 '’
679 3871 711 3932 (ol
722 3871 772 3920 dnh
781 3869 952 3934 Ἀριστίππου)
963 3887 972 3932 ;
988 3870 1071 3920 others
1082 3871 1170 3920 under·

132 3933 209 3984 stand
219 3935 431 3996 doctus-supra.
447 3946 477 3985 11.
491 3938 512 3995 5.
527 3935 567 3998 64.
