2818 4320
544 291 616 361 aa
638 296 864 364 recreas.
1129 308 1187 375 143
1293 243 1297 254 ’

152 493 255 558 quem
279 480 332 538 est
356 481 492 538 senatus
515 482 657 552 secutus,
682 494 757 540 cum
774 471 972 538 decrevisset
995 471 1031 538 C.
1048 453 1195 537 Claudio

153 576 288 642 consule
315 575 358 640 de
384 576 444 642 Cn.
462 575 623 642 Carbonis
646 577 809 642 seditione
825 577 993 654 referente,
1010 575 1113 640 invito
1139 595 1188 651 eo,

153 680 211 763 qui
241 700 317 744 cum
347 680 472 764 populo
501 690 623 763 ageret,
654 680 852 745 seditionem
883 701 949 744 non
979 700 1077 762 posse
1110 678 1188 755 fieri,
1247 749 1251 758 ,

153 783 278 866 quippe
301 783 353 847 cui
389 782 486 847 liceat
510 783 694 860 concilium,
721 783 819 848 simul
844 791 946 866 atque
974 782 1188 847 intercessum

150 887 345 970 turbarique
359 897 516 971 coeptum
531 888 583 964 sit,
600 888 775 952 dimittere.
821 886 922 970 Quod
937 888 993 970 qui
1008 895 1203 970 permovet,
1221 899 1251 967 Δ5

152 1010 229 1054 cum
259 991 313 1073 agi
338 989 419 1054 nihil
445 998 565 1073 potest,
591 991 659 1055 vim
686 992 822 1074 quaerit,
848 991 944 1054 cuius
968 991 1189 1072 inpunitatem

152 1093 278 1156 amittit
307 1092 369 1157 hac
399 1092 480 1176 lege.
546 1108 596 1174 43.
643 1092 800 1177 Sequitur
829 1093 930 1158 illud:
966 1091 1189 1156 Intercessor

152 1193 205 1260 rei
220 1193 336 1261 malae
349 1193 521 1260 salutaris
534 1194 623 1260 civis
637 1199 726 1260 esto.
777 1195 860 1278 Quis
883 1217 949 1261 non
972 1197 1120 1260 studiose
1143 1197 1188 1259 rei

148 1298 306 1382 'publicae
331 1299 520 1364 subvenerit
534 1299 597 1364 hac
612 1309 682 1364 tam
698 1300 866 1383 praeclara
881 1299 963 1382 legis
978 1319 1059 1363 voce
1074 1298 1188 1362 lauda-

151 1402 232 1466 tus?
255 1401 342 1468 Sunt
368 1403 489 1476 deinde
504 1404 613 1487 posita
628 1403 793 1486 deinceps,
810 1422 896 1486 quae
911 1402 1072 1466 habemus
1087 1398 1192 1465 etiam
1216 1417 1255 1466 10

152 1506 187 1570 in
203 1505 342 1588 publicis
365 1506 524 1570 institutis
540 1516 641 1590 atque
656 1506 804 1590 legibus:
827 1503 988 1584 auspicia
1007 1507 1188 1584 servanto,

153 1607 283 1688 auguri
306 1613 466 1689 parente.
512 1609 576 1675 Est
599 1619 711 1675 autem
738 1610 817 1674 boni
841 1611 973 1694 auguris
1000 1609 1189 1673 meminisse

152 1735 188 1778 se
212 1714 369 1778 maximis
385 1715 430 1779 rei
447 1714 599 1798 publicae
614 1714 819 1796 temporibus
834 1723 966 1798 praesto
982 1734 1053 1778 esse
1068 1713 1189 1776 debere

154 1817 293 1899 Iovique
320 1818 448 1900 optimo
464 1819 614 1881 maximo
629 1838 664 1880 se
679 1817 900 1881 consiliarium
916 1827 1017 1900 atque
1032 1817 1189 1881 adminis-

153 1929 243 1985 trum
267 1921 393 1999 datum,
410 1930 448 1985 ut
473 1921 534 1985 sibi
551 1942 616 1997 eos
633 1941 717 2003 quos
744 1922 777 1983 in
793 1922 939 2003 auspicio
955 1942 1027 1986 esse
1049 1923 1187 1998 iusserit,
1215 1933 1250 2001 15

155 2023 303 2107 caelique
328 2033 439 2107 partes
464 2025 527 2088 sibi
557 2023 711 2089 definitas
742 2045 814 2088 esse
844 2026 991 2101 traditas,
1022 2046 1041 2088 e
1067 2025 1187 2108 quibus

153 2307 190 2355 M.
214 2305 345 2370 Perperna,
368 2305 450 2355 which
460 2305 504 2355 fell
523 2305 548 2354 in
560 2305 603 2355 the
613 2321 672 2370 year
688 2303 772 2368 624.c
792 2307 832 2364 .§.
848 2314 886 2368 35.
926 2301 1061 2354 carbonis.
1077 2321 1102 2354 n.
1128 2305 1185 2365 But,

153 2387 182 2420 as
202 2370 230 2420 P.
246 2371 348 2421 Crassus
368 2370 484 2434 perished
496 2371 522 2419 in
533 2370 575 2420 the
587 2370 654 2434 early
664 2378 720 2435 part
731 2370 760 2420 ol
767 2321 821 2419 ilat
832 2386 897 2434 year,
911 2370 960 2418 and
973 2381 1030 2419 Mss,
1044 2369 1131 2420 favour
1147 2371 1189 2420 the

154 2437 258 2500 reading
281 2437 326 2486 Cn.
352 2436 476 2496 Carbonis,
490 2435 510 2485 it
529 2451 609 2485 seems
619 2437 700 2485 better
717 2444 744 2484 to
759 2436 918 2495 understand,
932 2435 993 2484 with
1010 2436 1185 2499 Wyttenbach,

154 2503 184 2552 L.
207 2501 317 2550 Licinius
338 2501 440 2550 Crassus
461 2501 528 2562 (Cos.
550 2501 618 2564 659.)
631 2502 680 2550 and
700 2500 742 2549 the
752 2516 811 2563 year
834 2500 863 2549 U.
881 2501 910 2550 C.v
922 2499 978 2549 662.
1026 2500 1116 2550 Feldh.
1128 2501 1188 2551 cites

160 2567 228 2616 Verr.
244 2578 262 2615 1.
276 2567 324 2615 xiv.
340 2568 390 2615 and
406 2567 480 2615 Erut.
496 2577 568 2616 LXII.
583 2578 638 2628 223.
653 2565 735 2615 where
746 2565 793 2614 Cn.
809 2565 891 2614 Carbo
904 2565 972 2625 (Cos.
987 2563 1055 2627 669.)
1071 2566 1091 2615 is
1108 2567 1188 2630 styled

156 2631 253 2680 “bortra
263 2629 407 2680 sedaliam?
419 2633 468 2681 and
483 2631 654 2682 “turbulentis
663 2631 815 2680 concionibus
824 2631 965 2695 aptissimus
973 2629 987 2654 ’³
1022 2631 1112 2696 (Long,
1127 2631 1187 2681 Vol.

152 2709 184 2746 ΙΙ.
199 2713 220 2747 c.
234 2697 299 2746 xxiv.
305 2698 321 2757 ).

221 2773 281 2810 oum
292 2759 458 2810 decrevisset.
481 2763 538 2811 “sc.
552 2760 680 2821 Crassum
698 2775 758 2810 nam
770 2777 819 2810 non
831 2762 909 2810 salum
921 2763 1032 2822 Secutus,
1045 2763 1088 2811 sed
1095 2762 1190 2826 singuli
1284 2815 1285 2820 ,

153 2827 226 2876 etiam
251 2828 377 2876 Senatores
394 2825 534 2876 decernere
544 2827 671 2876 de'cuntur.
707 2827 737 2876 cf.
762 2827 814 2876 Cic.
835 2828 864 2875 de
881 2829 962 2876 Pron.
980 2828 1051 2877 Cone.
1072 2840 1111 2876 xl.
1129 2825 1187 2876 28.”

156 2891 245 2942 Feldh.
266 2893 316 2941 For
327 2892 369 2941 the
377 2892 554 2952 construction,
570 2893 681 2956 Madvig,
694 2893 725 2941 L.
743 2892 771 2940 G.
785 2893 805 2952 §.
821 2890 876 2956 358.

219 2959 362 3018 permovet
412 2957 473 3005 “ab
491 2957 647 3006 iracundiam
670 2953 801 3006 incendit.'’
846 2956 946 3006 Davies
970 2957 1080 3008 Schelier
1101 2955 1186 3006 thinlrs

153 3023 208 3072 that
219 3020 402 3135 Jtpersistence'
413 3022 434 3072 is
447 3023 573 3087 signified:
584 3038 622 3086 cp.
637 3024 656 3084 §-
672 3022 711 3071 26.
747 3023 885 3084 permanes
897 3021 1040 3084 (διαμένεις).
1061 3021 1137 3083 quod.
1150 3039 1181 3072 sc.

152 3103 289 3138 concitam.

220 3153 241 3212 5.
261 3152 303 3202 43.
339 3151 498 3202 subvenerit.
543 3153 596 3202 “sa
611 3149 799 3202 intercedendost'
832 3151 941 3202 Turneb.
955 3168 994 3217 cp.
1008 3154 1028 3212 5.
1043 3164 1066 3214 9.
1080 3151 1183 3202 auxilii.

153 3233 180 3267 n.
193 3214 452 3278 demde-deinceps.
465 3219 486 3278 §.
499 3231 523 3279 4.
538 3233 564 3267 n.

219 3281 372 3408 mzminieee
389 3295 425 3332 ee.
461 3282 576 3333 Lambin.
598 3295 655 3333 rasa
676 3282 738 3332 omit
754 3297 778 3332 se
788 3284 839 3343 (see
855 3281 967 3346 Madvig,
980 3283 1011 3332 L.
1028 3283 1057 3331 G.
1071 3283 1091 3342 ἓ.
1105 3283 1183 3344 401.)

151 3363 167 3410 ,0
188 3359 240 3397 ·11·
268 3360 326 3410 ·33-
765 3356 766 3360 ’
881 3395 883 3398 -

168 3364 186 3413 p
220 3409 404 3462 consiliarium
449 3413 558 3463 “sharer
569 3413 595 3462 in
606 3413 648 3463 the
659 3410 786 3463 counsel.'’
812 3411 946 3460 ‘'estenim
958 3409 1186 3462 oonefflnriuanon

153 3477 183 3537 is,
197 3478 242 3542 qui
252 3479 363 3566 ‘o'lf‘dil’
378 3485 406 3527 ut
416 3477 560 3539 consultor,
570 3479 641 3528 sedis
650 3479 696 3544 qui
704 3479 732 3528 in
742 3478 871 3526 canalium
882 3477 1015 3527 adhibetur.
1035 3478 1066 3542 cf.
1080 3479 1116 3527 ad
1122 3479 1185 3528 Div.

151 3555 170 3593 1.
186 3543 211 3592 ii.
228 3544 249 3602 ἕ.
265 3555 287 3606 3.
336 3544 413 3593 Bake.

219 3610 249 3657 ln
260 3607 384 3669 auspicio.
422 3608 522 3668 Cicero,
537 3608 566 3657 de
581 3609 670 3657 Divin.
694 3619 724 3656 11.
747 3608 828 3658 xxxiv.
849 3607 918 3670 gives
929 3608 972 3657 the
988 3607 1051 3657 form
1063 3608 1092 3657 of
1105 3609 1187 3658 words

154 3673 228 3723 used:
249 3674 305 3735 “Q.
330 3673 394 3722 Fabi
413 3681 436 3722 te
455 3674 519 3722 mibi
537 3674 565 3722 in
587 3673 694 3736 auspicio
715 3689 760 3722 csse
777 3671 864 3733 valo;¹’
882 3673 1019 3737 respondet3
1040 3672 1187 3723 “Audivi‘'

153 3739 176 3788 F
177 3738 245 3788 eldh.
261 3738 371 3788 remarks
393 3739 453 3800 that,
467 3755 495 3788 as
505 3739 549 3788 the
567 3739 713 3802 Magistrate
725 3739 805 3788 called
823 3739 849 3787 in
861 3737 903 3788 the
922 3739 1009 3803 Augur
1021 3747 1048 3789 to
1068 3740 1126 3788 take
1143 3737 1186 3788 the

70 3809 72 3814 '
152 3804 274 3868 auspices,
288 3819 316 3853 so
328 3803 370 3853 the
381 3805 470 3868 Augur
483 3804 542 3868 ‘qui
551 3805 629 3867 capite
642 3803 744 3854 obvelato
760 3802 865 3854 sedebat'
886 3804 951 3865 (Liv.
968 3817 986 3856 1.
1003 3803 1053 3866 18.)
1074 3805 1187 3870 required

151 3885 184 3920 an
195 3869 318 3920 assistant.
338 3868 468 3920 definitas.
487 3881 518 3921 11.
532 3870 553 3930 ἓ.
568 3882 607 3920 21.
