2818 4320
508 341 580 406 DE
615 341 844 408 LEGIBUS.
911 413 914 418 ,
1108 353 1165 422 135

132 499 290 584 suffragia
316 502 349 566 in
366 502 561 586 magistratu
578 502 770 568 mandando
785 524 825 568 ac
850 503 894 567 de
909 523 965 567 reo
992 501 1169 568 iudicando

133 605 345 694 iubendaque
373 607 407 670 in
431 605 504 690 lege
520 615 579 671 aut
604 608 776 690 rogatione
790 607 876 671 clam
901 628 943 670 an
959 606 1070 690 palam
1094 605 1169 670 l'erri

134 707 252 772 melius
267 717 363 774 esset.
425 707 462 788 Q.
508 709 566 773 An
582 710 682 774 etiam
699 711 733 773 id
749 710 887 774 dubium
903 710 977 774 est?
998 730 1114 774 vereor
1128 729 1170 772 ne

133 831 155 874 a
175 821 211 876 te
225 831 336 876 rursus
357 811 560 877 dissentiam.
604 813 656 878 M.
680 814 758 877 Non
774 813 882 890 facies,
900 811 1033 895 Quinte.
1079 813 1168 876 Nam

134 935 200 998 ego
222 915 256 979 in
283 915 347 980 ista
371 935 446 979 sum
469 917 644 992 sententia,
675 925 797 1000 quate
820 916 919 980 fuisse
939 937 1070 998 semper
1091 916 1168 992 scio,

133 1017 215 1081 nihil
240 1026 277 1082 ut
292 1018 390 1083 suerit
413 1020 446 1082 in
461 1019 624 1102 suffragiis
648 1040 730 1084 voce
745 1018 870 1095 melius,
887 1019 946 1083 sed
969 1019 1111 1101 optineri
1126 1039 1169 1082 an

133 1120 240 1204 possit
264 1121 445 1184 videndum
469 1130 528 1186 est
603 1137 653 1203 34.
710 1120 747 1201 Q.
797 1114 918 1204 Atqui,
942 1121 1050 1196 frater,
1081 1121 1170 1185 bona

133 1233 193 1288 tua
206 1225 304 1288 venia
326 1225 477 1302 dixerim,
494 1225 559 1290 ista
580 1227 746 1290 sententia
770 1227 919 1289 maxime
942 1232 977 1288 et
1000 1223 1085 1288 fallit
1109 1224 1169 1287 im-

132 1327 258 1411 peritos
281 1337 316 1392 et
341 1328 438 1392 obest
465 1328 658 1411 saepissime
687 1329 733 1391 rei
759 1327 919 1411 publicae,
943 1335 1020 1391 cum
1046 1326 1169 1409 aliquid

132 1451 250 1496 verum
265 1438 299 1494 et
314 1438 440 1495 rectum
456 1452 529 1495 esse
543 1431 672 1508 dicitur,
687 1431 746 1495 sed
762 1431 912 1513 optineri,
929 1431 963 1493 id
979 1439 1038 1506 est,
1055 1430 1171 1494 obsisti
1198 1447 1237 1494 10

133 1553 235 1618 posse
260 1533 385 1617 populo
409 1542 557 1618 negatur.
603 1535 749 1598 Primum
774 1534 862 1597 enim
886 1534 1064 1610 obsistitur,
1095 1553 1170 1597 cum

133 1638 245 1722 agitur
273 1658 385 1702 severe
397 1657 406 1718 ;
443 1638 564 1702 deinde
592 1638 624 1703 vi
651 1638 793 1721 opprimi
820 1637 853 1701 in
879 1637 968 1702 bona
994 1658 1094 1701 causa
1120 1645 1171 1701 est

134 1741 253 1806 melius
279 1761 380 1823 quam
411 1741 519 1805 malae
548 1742 672 1806 cedere.
719 1739 802 1823 Quis
832 1749 945 1805 autem
976 1761 1043 1806 non
1068 1741 1172 1820 sentit

134 1863 271 1910 ornnem
300 1845 533 1909 auctoritatem
567 1844 779 1927 optimatium
817 1843 1038 1908 tabellariam'
1062 1843 1170 1927 legem

134 1939 337 2014 abstulisse?
370 1967 471 2031 quarn
485 1982 490 1996 ·
496 1946 639 2031 populus
655 1946 738 2011 liber
763 1967 945 2029 numquam
961 1947 1169 2023 desideravit,
1198 1960 1231 2027 15

159 2314 161 2319 .
200 2273 373 2336 iubendaque.
411 2273 551 2336 Huschke3
573 2275 739 2338 sciscendaque
755 2273 872 2334 Vahlen;
899 2274 1030 2323 iudicando
1053 2276 1174 2340 quiinlege

135 2345 182 2389 aut
202 2341 327 2404 rogatione
347 2351 419 2400 MSS.;
447 2341 577 2388 iudicando
598 2346 670 2404 atque
689 2341 717 2388 in
739 2339 818 2404 legum
838 2341 961 2404 rogatione
978 2341 1064 2389 Halm.
1101 2341 1171 2390 Bake
1242 2385 1245 2392 .

135 2405 222 2456 thinks
233 2405 287 2454 that
298 2403 329 2451 in
338 2404 666 2466 magistron-rogatione
677 2405 698 2454 is
709 2421 724 2453 a
735 2405 802 2468 gloss
813 2422 822 2464 ε,
835 2405 879 2453 the
890 2404 1014 2468 objection
1025 2405 1078 2454 that
1090 2407 1171 2455 words

136 2470 165 2520 oi
172 2470 259 2534 nearly
277 2470 395 2520 identieal
406 2471 523 2534 meaning
539 2472 593 2532 (lex,
607 2471 706 2534 rogata,
722 2471 770 2520 See
782 2470 848 2518 Dict.
864 2471 964 2534 Antiq.)
978 2470 1067 2519 should
1078 2479 1122 2520 not
1140 2473 1172 2521 be

135 2535 274 2586 connected
285 2536 319 2600 by
330 2535 372 2585 the
388 2535 534 2599 disjunctive
554 2536 607 2596 eut,
621 2536 642 2584 is
658 2535 785 2585 answered
805 2536 838 2599 by
855 2535 957 2596 Feldh.;
974 2535 1031 2585 who
1042 2536 1171 2586 remarks:

139 2601 273 2650 “notioner
291 2617 341 2648 non
353 2601 421 2649 modo
431 2614 460 2650 re
477 2600 546 2662 lpse,
557 2601 678 2650 sedetiam
690 2597 912 2661 contemplatione
930 2602 1038 2649 devoror
1051 2610 1099 2666 per
1109 2609 1171 2666 par·

135 2666 238 2715 tieulam
250 2669 297 2714 aut
304 2666 414 2730 disiungi
420 2663 538 2714 constat.’'
550 2681 588 2730 cp.
603 2667 632 2714 de
641 2666 698 2714 Fiea
711 2677 753 2714 111.
768 2665 816 2714 xxi.
833 2675 870 2726 71.
894 2667 911 2690 “
919 2667 971 2714 Nec
977 2683 1033 2714 vero
1040 2674 1131 2716 rectum
1140 2675 1173 2716 est

135 2747 194 2780 cum
210 2731 296 2779 amicis
312 2731 358 2780 ant
369 2731 425 2780 bene
438 2732 530 2780 mm'tir
540 2733 672 2780 consociare
682 2731 728 2778 aut
739 2731 881 2794 coniungere
890 2730 1040 2781 iniuriam.''
1073 2732 1172 2782 Vahlen

137 2811 177 2860 cp.
192 2796 214 2846 1.
233 2798 254 2855 §-
274 2808 315 2858 43.
354 2796 506 2860 “suffragiis
522 2801 567 2845 aut
582 2793 673 2844 scitis.”
708 2795 796 2845 Feldh.
817 2805 904 2860 quotes
924 2797 1011 2846 Festus
1032 2795 1172 2858 “Rogatio

136 2868 176 2921 ert,
199 2876 279 2924 quum
294 2861 401 2925 populus
417 2862 556 2910 consulitur
571 2862 600 2910 de
617 2877 668 2909 uno
681 2861 828 2924 pluribusve
843 2861 989 2921 dominibus,
1002 2862 1069 2926 quod
1077 2879 1127 2911 non
1139 2863 1175 2910 ad

136 2942 219 2976 omrtes
223 2927 353 2990 pertineat,
367 2933 389 2974 et
398 2926 427 2974 de
435 2943 488 2975 una
493 2927 642 2990 pluribusve
650 2927 726 2984 rebus,
740 2926 769 2974 de
783 2925 870 2990 quibus
885 2943 934 2976 non
951 2928 1063 2975 omnibus
1077 2929 1171 2976 ranno·

136 2997 188 3040 tur.
223 2991 294 3040 Nam
304 2991 371 3055 quod
386 2992 413 3040 in
423 3007 506 3040 omnes
520 2991 628 3040 homines
645 3005 711 3040 resve
722 2991 831 3054 populeas
849 2993 924 3051 seiot't,
946 2991 991 3040 lex
1009 2990 1172 3055 appellatur.’'

139 3057 170 3106 In
182 3071 252 3106 some
262 3057 369 3106 editions
380 3056 424 3104 An
435 3054 657 3105 etiem—dubium
667 3057 727 3104 esta
744 3057 764 3104 is
775 3056 890 3118 assigned
901 3064 928 3106 to
939 3057 1045 3107 Atticus.

98 3159 101 3168 .
202 3119 294 3182 poma.
330 3133 388 3170 MSS.
425 3121 490 3170 A.B.
517 3121 580 3170 have
597 3127 708 3184 possunt.
756 3121 835 3169 Halm
863 3120 927 3184 conj.
959 3122 1093 3184 optiererene
1120 3121 1171 3170 iam

131 3193 257 3250 po'ssrmus
267 3186 318 3235 and
329 3186 434 3251 Madvig
443 3187 578 3250 optimine
586 3187 637 3234 tom
648 3186 726 3250 possit
728 3201 740 3245 ,·
757 3186 824 3235 since
833 3185 891 3250 they
902 3185 983 3250 object
995 3193 1021 3235 to
1033 3185 1082 3234 this
1092 3201 1136 3235 use
1147 3185 1177 3236 of

138 3252 181 3301 the
200 3251 303 3316 particle
322 3264 365 3311 an,
385 3251 411 3300 in
429 3267 445 3300 a
462 3252 603 3315 dependent
621 3251 798 3314 interrogation
815 3250 876 3299 with
895 3246 937 3301 the
948 3250 1098 3300 insinuation
1116 3251 1145 3300 ol
1158 3269 1173 3302 a

138 3317 261 3380 negative.
298 3316 386 3366 Feldh.
401 3316 504 3365 defends
515 3316 541 3376 it,
556 3317 661 3381 quoting
670 3317 738 3365 Loel.
752 3327 790 3364 vr.
805 3327 844 3365 ao.
859 3317 908 3364 and
922 3316 974 3365 Cot.
990 3316 1053 3365 Mai.
1069 3327 1115 3366 xx.
1130 3327 1170 3379 74.
1230 3364 1232 3369 .

141 3382 325 3430 “Morimdum
341 3387 401 3430 certe
416 3387 455 3442 est,
469 3382 529 3432 etid
540 3382 668 3442 incertum,
680 3397 715 3430 an
734 3379 777 3430 hoc
795 3378 918 3444 r'psodie.¹'
952 3381 1074 3446 (Madvig,
1088 3383 1119 3432 L.
1137 3385 1165 3433 G.

138 3449 160 3508 θ’
173 3448 233 3572 45ἓ3.)
250 3511 291 3562 84.
327 3509 418 3574 Atqui,
431 3509 521 3562 flator.
557 3510 637 3560 Halm
656 3511 707 3560 and
727 3509 826 3571 Feldh.,
840 3509 904 3560 iram
922 3522 980 3560 MSS.
1001 3513 1061 3574 quia
1078 3527 1107 3562 or
1123 3526 1173 3578 quo

150 3583 225 3626 rater.

130 3577 158 3643 χ
184 3637 351 3702 -obaintitur,
361 3653 443 3703 quum
454 3639 550 3703 agitur.
589 3640 632 3689 “i.
645 3656 662 3690 e.
676 3639 1057 3706 obtinebunturvocirruffragto‚
1069 3643 1175 3707 populus

138 3707 245 3756 concedet
253 3708 316 3756 vocas
334 3708 456 3772 suffragia
467 3721 572 3766 manere,
585 3706 743 3770 simulatque
751 3721 829 3754 severe
837 3706 865 3754 ἐκ
876 3707 1003 3768 anditum,
1017 3725 1064 3772 quo
1069 3717 1176 3773 potentes

139 3777 249 3822 utuntur
264 3772 480 3822 animadvertetur.
485 3771 500 3796 ''
533 3771 611 3820 Bake.
630 3772 724 3836 Tomy
736 3771 814 3831 mind,
828 3772 911 3821 rather
922 3771 940 3822 it
952 3787 1032 3822 seems
1051 3775 1176 3838 ageneral

139 3844 286 3887 statement:
305 3837 325 3862 “
334 3837 392 3897 For,
407 3837 432 3886 in
444 3837 486 3888 the
497 3836 550 3888 first
560 3836 639 3901 place,
653 3851 691 3887 we
702 3837 736 3888 do
746 3837 820 3886 make
831 3837 896 3886 head
907 3837 1004 3902 against
1014 3837 1090 3899 them,
1105 3839 1176 3888 when

139 3917 178 3952 we
189 3909 230 3952 act
241 3901 449 3968 unflinehingly.”
