2818 4320
513 331 583 397 nn
620 331 847 400 nucleus.
1129 345 1171 413 77

139 513 241 576 quam
263 512 398 576 possea
421 495 561 558 summis
575 493 721 577 imperiis
744 501 780 558 et
793 493 931 559 summis
941 491 1172 577 ‚potestatibus

139 597 328 662 comitiatus
342 605 377 661 et
398 596 537 661 concilia
550 596 604 661 vel
624 597 778 662 instituta
792 597 960 662 dimittere
980 595 1034 662 vel
1058 594 1185 660 habita*

139 699 346 764 rescindere?
368 698 449 783 quid
472 700 604 783 gravius
627 719 728 783 quam
744 720 813 765 rem
839 707 1029 783 susceptam
1053 698 1171 775 dirimi,

138 803 165 866 si
195 822 280 868 unns
309 822 417 886 augur
444 802 514 870 alio
539 802 598 869 die
623 802 771 867 dixerit?
804 802 884 887 quid
908 801 1173 886 magnificentius

138 926 239 989 quam
263 927 362 990 posse
385 906 569 982 decernere,
591 913 630 969 ut
645 906 840 988 magistratu
861 926 899 971 se
922 905 1079 982 abdicent
1095 925 1173 969 con·
1218 916 1234 986 5

138 1009 252 1075 sules?
273 1008 354 1092 quid
381 1008 563 1092 religiosius
589 1029 690 1092 quam
712 1028 788 1074 curn
812 1008 946 1093 populo,
973 1029 1048 1074 cum
1074 1007 1174 1092 plebe

137 1113 259 1196 agendi
284 1113 336 1177 ius
351 1120 411 1177 ant
425 1111 504 1176 dare
519 1119 578 1177 aut
598 1131 665 1175 non
681 1111 783 1175 dare?
806 1111 909 1196 quid?
925 1110 1050 1195 legem,
1062 1111 1090 1175 si
1105 1129 1172 1176 non

138 1217 207 1281 iure
233 1224 352 1300 rogata
366 1224 425 1292 est,
442 1213 583 1280 tollere?
605 1222 644 1279 ut
669 1214 794 1279 Titiam
821 1215 955 1279 decreto
980 1212 1119 1297 conlegi,
1136 1220 1174 1278 ut

139 1321 250 1384 Livias
265 1319 403 1384 consilio
419 1318 570 1402 Philippi,
586 1317 729 1382 consulis
744 1326 779 1382 et
792 1318 948 1402 auguris:
971 1315 1052 1381 nihil
1072 1316 1172 1393 dorni,
1247 1329 1250 1336 ’

138 1423 219 1488 nihil
243 1423 381 1488 militiae
395 1442 455 1507 per
480 1422 694 1505 magistratus
716 1429 848 1505 gestum
872 1422 945 1486 sine
959 1440 1074 1486 eorum
1095 1440 1173 1485 auc·
1199 1435 1239 1484 10

136 1528 274 1593 toritate
288 1546 386 1610 posse
400 1526 556 1609 cuiquam
570 1523 728 1608 probari?

224 1630 328 1694 XIII.
372 1643 423 1708 32.
443 1628 515 1693 Ati.
538 1628 625 1712 Age,
641 1627 708 1691 iam
724 1627 788 1693 ista
802 1625 900 1692 video
915 1625 1087 1710 fateorque
1102 1646 1174 1691 esse
1214 1675 1216 1682 .

138 1754 271 1818 magna,
287 1741 341 1798 set
364 1740 416 1797 est
438 1733 472 1796 in
498 1731 650 1815 conlegio
671 1739 782 1796 vestro
808 1730 894 1795 inter
920 1730 1115 1795 Marcellum
1139 1738 1175 1795 et

137 1836 299 1922 Appium,
338 1837 483 1920 optimos
522 1854 672 1918 augures,
710 1854 833 1916 magna
869 1834 1174 1900 dissensio-nam
1203 1891 1205 1898 ,

139 1961 254 2004 eorum
270 1960 334 2023 ego
347 1939 382 2002 in
397 1937 497 2003 libros
512 1937 663 2014 incidi-,
679 1957 755 2001 cum
771 1936 865 2002 alteri
880 1936 1012 2021 placeat
1026 1937 1172 2020 auspicia
1198 1948 1233 2018 15

139 2043 202 2108 ista
227 2042 273 2108 ad
299 2041 476 2107 utilitatem
503 2060 575 2105 esse
599 2041 645 2104 rei
674 2038 826 2122 publicae
855 2041 1050 2123 composita,
1079 2039 1174 2104 alteri

139 2146 313 2230 disciplina
334 2153 445 2210 vestra
459 2144 553 2227 quasi
579 2143 726 2208 divinare
745 2142 920 2208 videantur
944 2163 1051 2227 posse.
1098 2143 1174 2207 Hac

120 2258 175 2333 tu
201 2250 245 2314 de
261 2269 296 2313 re
310 2267 435 2331 quaero
458 2244 538 2330 quid
553 2247 685 2310 sentias
744 2245 796 2310 M.
833 2245 978 2329 Egone?
1000 2246 1174 2311 divinatio-

202 2477 450 2542 imponis-poian
499 2476 569 2527 “ue
589 2475 689 2542 highest
715 2474 824 2540 minan
851 2435 902 2525 ind
923 2475 982 2526 ervn
1000 2473 1174 2526 cananeae

139 2545 471 2660 abwddhdilrigonc'ihrneb.
491 2612 579 2672 quotes
595 2605 696 2656 Laelius
714 2605 786 2655 Felix
802 2605 852 2670 (ap.
874 2605 932 2656 Geli.
952 2617 999 2657 κν.
1020 2605 1080 2669 az).
1120 2605 1176 2656 “Is

254 2672 532 2786 mma„
545 2671 988 2786 rem

140 2740 428 2870 &digamiam
442 2738 536 2863 dfnr‘ct.
550 2801 637 2866 Antiq.
651 2802 810 2862 amaran).
887 2805 889 2811 ·
976 2752 1018 2788 ω
1073 2753 1138 2802 qm
1158 2753 1175 2802 ⁷

204 2871 260 2920 alio
279 2869 330 2919 die.
368 2865 530 2933 “adjoum:”
554 2866 597 2917 the
616 2867 697 2916 words
719 2866 780 2916 with
797 2865 880 2917 which
901 2866 945 2917 the
965 2866 1053 2932 Augur
1074 2872 1119 2932 put
1140 2865 1194 2936 ol'f¹
1260 2909 1262 2914 .

141 2951 173 2985 an
183 2934 315 2999 assembly,
329 2933 351 2984 ir
358 2933 391 2984 he
406 2932 552 2984 considered
562 2933 605 2983 the
620 2932 732 2998 auspices
751 2931 936 2983 unfavourable.
971 2943 1029 2983 arsS.
1049 2931 1111 2982 omit
1121 2930 1171 2981 dte.

141 3015 180 3066 cp.
194 3002 302 3064 Philipp.
318 3011 348 3049 ra
363 2998 445 3048 miii
460 2997 499 3062 83.

205 3066 336 3116 abdicent
372 3063 481 3114 Tumeb.
495 3068 582 3128 quotes
591 3063 622 3112 de
634 3062 670 3113 N.
684 3063 720 3112 D.
735 3073 766 3112 11.
780 3061 824 3124 iv.,
838 3060 920 3113 where
936 3061 980 3112 the
992 3061 1061 3112 Coss.
1081 3059 1176 3110 Nasica

142 3131 191 3207 and
213 3130 318 3195 Figulus
338 3129 415 3195 being
436 3127 550 3178 declared
572 3135 599 3179 to
620 3127 684 3178 bave
706 3127 771 3177 been
795 3127 871 3177 ‘vitio
881 3128 955 3177 creati
961 3125 967 3148 '
985 3127 1029 3188 (U.
1051 3126 1079 3176 C.
1105 3126 1174 3190 592.)

142 3197 334 3322 mgi'elllillppl.
369 3259 399 3310 L
415 3257 524 3308 Marcius
535 3256 666 3372 Philippus
678 3257 738 3318 (cos.
757 3257 786 3307 U.
804 3257 832 3307 C.
846 3254 923 3320 om).
938 3271 977 3320 cp.
991 3255 1012 3316 ξ.
1029 3267 1066 3317 14
1081 3271 1107 3304 n.

205 3328 227 3386 §-
241 3327 281 3376 82.
317 3323 482 3374 Marcellum.
530 3324 559 3375 C.
579 3323 698 3374 Caudius
716 3321 850 3380 Marcellus
869 3323 1028 3385 (Propraetor
1049 3321 1075 3370 in
1097 3319 1176 3387 Sicily

148 3389 178 3440 U.
193 3391 220 3441 C.
235 3391 313 3454 676.).
348 3389 448 3454 Appius
461 3388 579 3441 Claudius
596 3387 703 3438 Pulcher
714 3387 774 3448 (cos.
792 3388 823 3437 U.
839 3387 866 3437 C.
883 3386 951 3448 700.)
963 3392 1040 3436 wrote
1051 3402 1066 3436 a
1077 3387 1176 3438 treatise

144 3470 177 3504 on
192 3456 303 3521 Augury,
321 3454 404 3505 which
422 3455 454 3504 be
471 3453 601 3504 dedicated
618 3459 646 3502 to
657 3452 753 3502 Cicero.
788 3452 825 3501 ad
839 3451 930 3501 Famil.
953 3463 996 3500 111.
1010 3464 1063 3513 4c
1081 3488 1087 3502 .
1102 3463 1134 3502 11.
1147 3453 1178 3502 cie

143 3521 231 3571 Divin.
248 3532 333 3570 xm.
349 3529 388 3584 75.
426 3520 581 3569 “Assmtior
598 3517 625 3567 C.
638 3518 757 3566 Marcello
766 3517 856 3581 potius,
874 3531 950 3581 quam
966 3517 1030 3580 App.
1073 3517 1177 3578 laudio,·

143 3587 188 3650 qui
201 3587 270 3636 ambo
284 3586 332 3635 mei
341 3586 440 3651 collegae
441 3585 552 3649 struunt
556 3599 569 3644 ,·
584 3583 739 3646 abtimoque
752 3583 793 3630 ius
809 3597 942 3646 augrrmm,
956 3583 1000 3631 cisi
1016 3582 1177 3632 divinationis

143 3652 254 3714 opinione
257 3651 547 3740 principigfonrtitutum
563 3649 602 3710 sit,
615 3654 697 3697 tantm
708 3653 791 3712 postea
801 3647 944 3712 raffablicae
951 3663 1037 3697 caussa
1052 3663 1176 3698 conserva·

143 3722 197 3766 ‘um
208 3723 372 3831 hiem*
392 3779 499 3842 vinea,
517 3778 580 3829 aster
596 3789 654 3828 uss„
691 3775 772 3826 naim
787 3763 905 3828 nonan
919 3776 1051 3829 uuam.
1085 3777 1175 3828 suan

144 3844 266 3896 divinae
277 3845 410 3908 videam,
421 3845 525 3910 making
534 3845 664 3909 disciplina
674 3841 717 3894 the
725 3843 828 3908 subject.
