2754 4322
490 280 561 346 oe
596 279 824 348 incisus.
1009 355 1012 360 ,
1111 298 1148 362 53
1213 305 1217 313 ·

115 437 222 504 iactus
258 448 361 524 atque
395 439 473 505 huic
509 441 600 505 omni
639 440 720 519 solo,
757 442 792 507 in
825 461 892 525 quo
929 443 967 507 tu
996 449 1088 508 ortus
1117 450 1152 507 et

115 551 307 626 procreatus
333 563 377 608 es.
422 543 599 609 Movemur
624 545 712 608 enim
737 545 848 610 nescio
870 565 937 630 quo
952 554 1052 628 pacto
1072 544 1153 610 locis

115 646 204 729 ipsis,
221 647 255 710 in
279 645 399 729 quibus
414 666 538 724 eorum,
555 667 638 729 quos
664 647 832 731 diligimus
858 656 916 713 aut
939 648 1150 728 admiramur,

115 748 239 813 adsunt
253 750 400 833 vestigia
425 749 484 814 Me
498 749 633 833 quidem
649 751 742 833 ipsae
756 750 832 814 illae
847 761 980 817 nostrae
994 749 1153 816 Athenae

112 861 267 916 nontam
282 852 437 936 operibus
460 851 643 936 magnificis
668 854 908 938 exquisitisque
938 856 1150 938 antiquorum
1174 867 1191 935 5

114 955 243 1020 artibus
273 955 441 1022 delectant
477 975 579 1041 quain
609 956 837 1021 recordatione
862 978 1068 1022 summorum
1090 956 1154 1023 vir·

115 1079 222 1136 orum,
246 1058 304 1123 ubi
326 1060 467 1143 quisque
489 1058 647 1137 habitare,
674 1058 732 1123 ubi
754 1059 877 1137 sedere,
903 1060 960 1125 ubi
984 1061 1155 1144 disputare

113 1163 162 1227 sit
180 1162 306 1238 solitus,
328 1163 544 1247 studioseque
567 1182 681 1227 eorum
706 1163 807 1226 etiam
833 1162 984 1247 sepulcra
1007 1173 1155 1228 contem·

114 1265 200 1350 plor.
239 1264 351 1350 Quare
363 1267 472 1344 istum,
489 1266 545 1330 ubi
560 1274 597 1330 tu
614 1287 649 1331 es
665 1275 771 1344 natus,
788 1265 863 1351 plus
879 1266 999 1330 amabo
1015 1267 1156 1349 posthac

114 1369 238 1434 locum.
296 1368 347 1432 M.
393 1367 533 1433 Gaudeo
549 1368 650 1452 igitur
664 1389 718 1434 me
736 1368 935 1435 incunabula
955 1357 1061 1452 paene
1076 1390 1152 1433 mea
1178 1387 1218 1435 10

114 1471 180 1538 tibi
203 1472 394 1536 ostendisse.
461 1482 491 1550 5.
535 1471 607 1536 Att.
646 1472 812 1555 Equidem
836 1493 891 1537 me
912 1493 1074 1556 cognosse
1097 1472 1156 1536 ad-

115 1573 259 1640 modum
288 1574 427 1658 gaudeo.
473 1572 542 1638 Sed
572 1573 653 1639 illud
690 1584 803 1640 tamen
841 1574 939 1660 quale
976 1568 1035 1653 est,
1065 1575 1156 1659 quod

115 1676 220 1763 paulo
245 1685 324 1742 ante
345 1677 475 1754 dixisti,
499 1676 588 1741 hunc
614 1676 857 1743 locum—idem
881 1699 944 1762 ego
970 1687 1005 1743 te
1028 1679 1154 1762 accipio

116 1781 229 1844 dicere
262 1779 679 1864 Arpinum—germanam
718 1783 860 1865 patriam
888 1803 960 1847 esse
985 1782 1155 1847 vestram?

116 1884 282 1967 numquid
306 1883 390 1947 duas
413 1882 542 1947 habetis
569 1885 702 1967 patrias,
726 1905 770 1949 an
796 1894 848 1950 est
872 1907 938 1950 una
964 1886 1021 1950 illa
1047 1886 1155 1970 patria
1181 1898 1216 1966 15

116 1985 329 2052 communis?
366 1986 428 2050 nisi
454 1985 539 2050 forte
564 1987 707 2072 sapienti
733 1987 780 2051 illi
811 1988 931 2055 Catoni
957 1989 1021 2053 suit
1049 1989 1157 2073 patria
1221 1989 1223 1996 ’

117 2110 187 2155 non
212 2090 330 2167 Roma,
345 2090 405 2154 sed
429 2088 622 2154 Tusculum.
688 2090 740 2154 M.
785 2092 861 2174 Ego
888 2112 942 2156 me
966 2090 1099 2156 hercule
1123 2099 1159 2156 et

116 2188 167 2258 illi
192 2201 227 2256 et
248 2192 402 2257 omnibus
427 2193 647 2275 municipibus
674 2193 757 2258 duas
784 2214 856 2258 esse
879 2215 999 2259 censeo
1025 2195 1159 2277 patrias,

187 2379 277 2429 nesoio
288 2393 339 2442 quo
349 2383 434 2442 puoto.
461 2383 504 2430 οὐκ
515 2378 559 2430 olt'
567 2383 647 2431 ὅντινα
657 2381 756 2446 τρόπον.
776 2382 827 2431 “in
838 2397 907 2432 some
918 2381 1064 2447 mysterious
1076 2379 1158 2446 way.”

118 2463 161 2512 cp.
187 2446 245 2494 Fin.
270 2456 297 2495 V.
328 2458 347 2495 1.
383 2447 465 2496 where
489 2447 548 2497 Piso
569 2447 691 2512 speaking
707 2447 736 2496 of
754 2447 804 2496 this
820 2446 912 2511 feeling
933 2447 955 2496 is
976 2447 1050 2496 made
1066 2453 1093 2497 to
1114 2462 1159 2512 say

122 2515 142 2540 ‘⁴
152 2516 279 2561 naturane
288 2511 355 2558 nobis
364 2511 407 2560 hoc
417 2512 504 2560 datum
514 2513 594 2562 dicam
606 2529 640 2562 an
651 2529 733 2562 errore
741 2513 846 2578 quodam
854 2510 881 2562 ?”

188 2575 297 2651 ortibus.
334 2575 422 2626 Feldh.
436 2593 492 2666 says
507 2577 600 2627 ‘Artes
621 2594 670 2626 non
686 2585 747 2626 sunt
771 2579 825 2643 ipsa
836 2584 1001 2638 monumenta,
1014 2578 1057 2631 sed
1066 2578 1162 2628 elucent

120 2645 151 2693 in
173 2640 290 2716 operibus,
309 2657 371 2705 quae
387 2642 457 2692 dixit.
501 2642 564 2692 This
580 2643 601 2692 is
617 2643 740 2719 therefore
758 2659 791 2693 an
812 2643 923 2693 instance
940 2643 969 2720 of
984 2645 1011 2692 ἐν
1028 2643 1156 2720 διὰιδυοΐν.

120 2706 195 2784 ¹Balce
214 2721 235 2754 is
254 2705 369 2782 doubtful
386 2721 413 2756 as
430 2712 457 2756 to
473 2707 574 2757 Horace
592 2720 630 2758 IV.
645 2725 695 2758 viu.
711 2717 733 2773 5³
773 2707 904 2770 ‘artium’
916 2709 992 2774 being
1002 2709 1123 2759 sufficient
1133 2715 1162 2786 to

118 2771 209 2838 justify
220 2770 263 2820 tlie
273 2771 405 2852 rendepng
419 2772 530 2822 “works
540 2773 570 2822 ol
578 2772 643 2823 art’'
655 2774 681 2824 iii
692 2789 773 2839 prose,
786 2774 832 2824 but
848 2781 936 2840 quotes
953 2775 1052 2836 Strabo,
1065 2785 1125 2824 inv.
1139 2790 1156 2824 i.

123 2852 162 2981 ,Μ’
178 2836 615 2963 agagijuaiileffegssxmliffisslls
626 2903 676 2954 this
683 2919 703 2981 ⁸a
716 2903 796 2982 ‘loeuq
804 2905 936 2982 admodum
944 2902 1081 2968 espanes!
1109 2902 1162 2952 For

121 2967 195 3018 Μ
206 2967 304 3081 ⁶⁰²⁶¹l
316 2967 486 3082 iiiJietiJiis
496 2967 732 3084 {litttnttl
745 2969 1018 3084 tittt'itltb
1030 2973 1162 3081 ῑῗῗὲιέἕ

123 3048 242 3158 affigi
266 3048 432 3161 3.)ecic'er0’s
452 3097 541 3160 words,
562 3071 613 3149 and
634 3051 752 3150 illeiiirilsg
766 3051 887 3150 atirbcted
909 3107 936 3148 to
958 3099 1001 3148 the
1019 3047 1113 3162 genger
1135 3097 1165 3146 oi
1249 3153 1251 3158 ¹

124 3162 277 3293 ffiffiffi„
290 3163 378 3214 Trans.
412 3163 497 3213 “And
518 3165 553 3230 by
577 3165 641 3215 ‘this
662 3163 733 3230 spot’
757 3166 770 3215 1
792 3163 944 3216 understand
965 3179 1015 3228 you
1039 3170 1066 3212 to
1088 3177 1162 3213 mean

125 3291 1161 3500 f&Tibisffli&igitlmfflffi

193 3501 229 3536 an
239 3491 286 3538 est
324 3489 400 3540 Some
411 3490 513 3540 Editors
529 3504 626 3554 require
636 3505 671 3540 an
682 3506 732 3538 non
738 3505 751 3549 ,·
767 3490 812 3539 but
829 3488 935 3564 Madvig
946 3489 989 3566 (ἰ.Ι
1003 3489 1044 3566 Gr.
1058 3490 1078 3550 5.
1092 3489 1163 3552 453.)

129 3553 239 3628 remarks
255 3553 317 3603 than
335 3571 370 3604 an
393 3555 414 3604 is
429 3555 595 3618 occasionally
613 3555 682 3629 used,
703 3554 776 3604 when
795 3554 838 3604 the
857 3554 963 3618 English
983 3555 1061 3604 idiom
1080 3554 1164 3630 would
1192 3575 1195 3580 ¹

127 3631 338 3734 ffiirgfqnngln,
350 3618 747 3735 ,Igssilfflessi’tffiffiafflssms
755 3619 867 3685 appends
878 3635 910 3668 an
921 3635 1018 3670 answer
1031 3620 1111 3670 under
1121 3620 1164 3669 the

193 3745 296 3826 Ostorii.
333 3701 370 3800 iu.
385 3750 413 3801 P.
430 3739 459 3800 C.
480 3749 570 3814 Major.
609 3750 698 3800 Cicero
716 3749 786 3800 loves
803 3750 846 3801 the
865 3751 1031 3816 comparison,
1067 3749 1117 3800 See
1137 3749 1177 3816 de¹

128 3813 692 3940 Wbffissmniffiu’iffiaiiiainndr
706 3882 841 3947 manens
862 3882 964 3943 (innan
983 3889 1064 3931 towns
1082 3877 1166 3930 viia
