2818 4320
526 300 598 365 DE
619 301 848 370 LEGIBUS.
1061 364 1064 382 ,
1112 317 1173 384 1²7

136 460 425 540 incenditur.—·Et
450 461 585 546 quidem
600 484 701 548 saepe
712 464 855 530 sedatur.
900 461 1000 547 Quod
1017 462 1105 528 enim
1121 470 1174 530 est

136 575 208 634 tam
233 565 446 649 desperatum
461 565 647 650 collegium,
664 568 779 651 inquo
795 587 894 632 nemo
918 587 937 631 e
952 567 1068 631 decem
1092 585 1175 631 sana

138 678 252 734 mente
267 668 333 733 sit?
349 667 440 751 Quin
455 669 565 753 ipsum
579 669 630 734 Ti.
645 669 831 735 Gracchum
847 691 914 734 non
925 669 1035 735 solum
1047 670 1174 734 neclec-

137 781 201 849 tus,
217 772 278 837 sed
303 773 403 836 etiam
419 772 569 837 sublatus
589 773 785 839 intercessor
809 775 934 838 evertit.
979 772 1071 856 Quid
1086 774 1174 837 enim

138 876 233 941 illum
256 874 345 939 aliud
369 874 509 958 perculit
533 876 595 940 nisi
618 878 708 960 quod
733 885 936 960 potestatem
959 877 1175 941 intercedenti
1220 888 1237 958 5
1299 883 1305 896 “

138 977 507 1063 collegaeabrogavit?
530 978 598 1043 Sed
614 989 650 1044 tu
677 981 874 1063 sapientiam
891 980 1053 1044 maiorum
1069 981 1102 1044 in
1118 979 1176 1044 illo

138 1081 225 1148 vide.
272 1079 354 1147 Cum
374 1101 530 1146 concessa
551 1081 660 1165 plebei
676 1093 728 1148 est
743 1104 763 1147 a
778 1083 927 1167 patribus
939 1083 1002 1146 ista
1017 1091 1175 1165 potestas,

138 1205 234 1253 arma
262 1186 460 1263 ceciderunt,
490 1187 647 1250 restincta
675 1186 796 1251 seditio
833 1195 892 1263 est,
923 1187 1094 1250 inventum
1124 1194 1176 1250 est

138 1285 450 1372 temperamentum,
467 1309 535 1372 quo
549 1291 715 1354 tenuiores
730 1309 805 1353 cum
825 1287 1027 1373 principibus
1042 1288 1176 1371 aequari

138 1412 178 1456 se
202 1400 367 1474 putarent,
394 1393 428 1456 in
454 1412 521 1476 quo
545 1412 612 1456 uno
635 1392 698 1457 luit
721 1392 862 1457 civitatis
890 1391 987 1456 salus.
1032 1390 1083 1455 At
1108 1391 1175 1455 duo
1202 1407 1241 1456 10

138 1493 283 1560 Gracchi
312 1495 452 1559 fuerunt
511 1495 558 1560 Et
585 1504 718 1578 praeter
743 1516 800 1560 eos
826 1496 977 1578 quamvis
1003 1514 1175 1559 enumeres

140 1598 266 1664 multos
291 1597 368 1663 licet
380 1617 389 1677 3
418 1619 494 1662 curn
519 1598 597 1662 deni
621 1607 780 1674 creentur,
804 1618 871 1662 non
894 1597 1002 1663 nullos
1025 1598 1058 1660 in
1085 1597 1176 1662 omni

141 1702 304 1766 memoria
332 1703 474 1784 reperies
510 1701 711 1785 perniciosos
744 1702 903 1779 tribunos,
941 1701 1030 1766 leves
1065 1701 1175 1777 etiam,

141 1825 209 1870 non
239 1804 524 1882 bonos-fortasse
553 1805 685 1888 plures:
718 1806 842 1871 invidia
867 1805 1002 1889 quidem
1026 1825 1176 1870 summus

141 1908 225 1972 ordo
249 1915 347 1985 caret,
363 1906 477 1991 plebes
492 1907 535 1972 de
560 1928 622 1972 suo
637 1908 706 1972 iure
731 1907 932 1992 periculosas
947 1909 1176 1973 contentiones
1202 1919 1237 1988 15

141 2011 250 2075 nullas
272 2010 360 2075 facit.
425 2021 475 2090 25.
520 2009 632 2094 Quam
653 2011 697 2075 ob
722 2033 791 2075 rem
815 2013 873 2076 adt
899 2012 1056 2094 exigendi
1082 2032 1177 2094 reges

134 2293 240 2358 ‘quidem
259 2291 368 2356 signifies
391 2290 445 2341 that
464 2290 507 2340 the
525 2289 631 2356 speaker
650 2297 744 2341 assents
763 2296 790 2340 to
811 2305 844 2340 an
865 2289 992 2350 assertion,
1014 2289 1059 2340 but
1077 2289 1140 2338 adds
1161 2305 1178 2339 a

142 2357 282 2423 qualiiying
311 2357 401 2416 clause,
426 2356 505 2406 either
527 2355 714 2421 strengthening
736 2371 765 2405 or
786 2355 946 2420 disparaging
966 2355 1021 2405 that
1047 2355 1176 2404 assertion.
1275 2387 1278 2394 ·

143 2423 296 2484 (Emendatt.
311 2438 336 2486 p.
350 2434 389 2484 90.
403 2422 432 2470 de
442 2423 500 2470 Fin.
515 2433 534 2470 1.
548 2437 571 2470 x.
586 2422 647 2483 33.).

209 2487 350 2536 nunecius.
381 2487 460 2536 Halm
471 2486 533 2536 alter
544 2487 679 2535 Manutius.
694 2497 751 2534 MSS.
770 2485 869 2534 nectus.
884 2486 904 2545 5.
920 2497 958 2534 20.
973 2501 999 2533 n.
1013 2501 1052 2549 cp.
1067 2485 1174 2550 Philipp.

144 2564 176 2603 11.
190 2553 249 2601 xxii.
264 2562 303 2615 53.
342 2552 498 2600 “intercessio
507 2550 635 2612 neglecte
650 2553 690 2600 ius
704 2551 864 2600 tribunicium
874 2547 1026 2598 sublatum.”

209 2617 313 2666 evertit.
349 2617 456 2666 Vahlen.
467 2617 558 2681 suerat
576 2629 645 2677 Mss,
658 2617 770 2680 fregerat
791 2615 902 2680 Bentley,
916 2617 1005 2664 stravit
1022 2615 1124 2665 Feldh.:
1136 2632 1175 2681 cp.

138 2690 189 2748 pro
210 2683 311 2742 Milone,
336 2694 395 2731 xx1.
421 2681 460 2745 56.
500 2683 593 2746 “saepe
611 2683 751 2746 spoliantem
773 2682 823 2729 iam
845 2688 869 2730 et
883 2682 1042 2730 exsultantem
1057 2683 1142 2730 evertit
1158 2685 1181 2730 et

138 2747 273 2812 perculit.'’
306 2746 405 2796 Vahlen
423 2749 551 2810 compares
573 2747 616 2796 the
634 2747 728 2796 similar
749 2746 909 2810 conjunction
930 2746 960 2795 oi
977 2746 1020 2796 the
1038 2754 1089 2796 two
1106 2747 1180 2797 verbs

143 2814 228 2864 werne
233 2814 344 2876 perenlit,
358 2813 384 2861 in
395 2812 445 2861 this
456 2827 568 2876 passage.
704 2825 712 2846 ·

211 2876 394 2926 intercedenti
438 2877 550 2942 Madvig.
573 2877 734 2926 intercedendi
749 2887 808 2927 nss.
852 2876 915 2925 This
931 2876 1103 2941 high-handed
1122 2891 1179 2940 pro·

146 2943 251 3007 ceeding
270 2959 320 2991 was
338 2943 458 3002 suicidal;
475 2942 604 2992 inasmuch
621 2958 649 2990 as
660 2943 680 2991 it
697 2942 816 2992 rendered
828 2941 870 2992 the
886 2942 974 2991 nobles
990 2943 1126 3006 desperate,
1147 2941 1180 3005 by

146 3009 278 3072 depriving
286 3008 354 3057 them
366 3007 394 3056 of
401 3007 466 3057 their
474 3007 575 3058 savorite
586 3007 689 3058 method
699 3008 728 3057 os
734 3007 838 3071 balking
848 3007 1035 3057 atroublesome
1046 3006 1179 3065 reformem

146 3075 207 3133 and,
219 3081 246 3123 at
256 3074 298 3122 the
309 3089 377 3122 same
388 3073 456 3132 time,
469 3073 580 3122 divested
594 3072 637 3122 the
648 3073 784 3122 Tribunate
795 3072 823 3122 ol
839 3073 872 3122 its
882 3072 968 3123 sacred
978 3072 1029 3120 and
1046 3070 1181 3120 inviolable

147 3139 281 3189 character.
300 3140 321 3198 ς.
336 3150 377 3187 20.
389 3154 414 3188 n.
436 3138 526 3202 (long,
540 3137 598 3187 Vol.
614 3149 633 3187 1.
647 3153 668 3188 c.
683 3138 756 3198 xiii).

213 3202 437 3264 cum-potestas.
473 3203 594 3252 Huschke
612 3212 716 3252 restores
727 3202 776 3252 this
794 3217 898 3267 passage
908 3201 942 3265 by
953 3200 995 3250 the
1011 3199 1100 3265 simple
1110 3199 1180 3248 addi·

147 3268 202 3318 tion
214 3268 242 3318 of
249 3281 317 3328 oum,
331 3267 413 3317 which
424 3268 508 3318 would
518 3268 595 3332 easily
605 3269 637 3317 be
648 3268 770 3318 absorbed
781 3268 814 3331 by
824 3267 867 3316 the
882 3266 1010 3329 following
1026 3278 1083 3314 oon.
1120 3275 1177 3314 Mss,

149 3335 233 3384 have:
249 3333 282 3383 A.
303 3349 409 3382 concessa
421 3334 489 3397 plebe
497 3335 544 3382 ista
557 3334 673 3397 patnbm
683 3335 730 3382 ista
743 3339 853 3396 potestas.
890 3332 918 3380 B.
938 3346 1040 3380 coercesse
1049 3331 1118 3394 plebe
1134 3332 1182 3380 ista

142 3406 254 3465 potestas.
291 3399 370 3448 Halm
381 3414 488 3447 comessa
493 3399 570 3464 plebei
579 3415 595 3447 a
599 3399 715 3486 patribus
725 3399 772 3446 ista
778 3404 896 3461 potestate.
976 3460 981 3471 .

215 3463 463 3524 arcenus-pluas.
499 3463 619 3513 Vahlens
636 3463 796 3527 punctuation
817 3477 896 3512 seems
912 3467 939 3510 to
957 3476 1013 3525 give
1024 3460 1079 3510 best
1094 3475 1165 3511 sense
1174 3478 1182 3520 ;

149 3529 189 3580 for
207 3529 249 3578 the
265 3530 336 3590 form,
356 3529 389 3578 he
400 3545 528 3594 compares
534 3537 583 3594 pro
593 3529 694 3588 Milone,
709 3539 807 3577 xxxw.
821 3540 861 3589 92.
900 3528 917 3552 “
927 3527 978 3575 ihm
989 3528 1049 3575 satis
1059 3527 1138 3575 multa
1154 3527 1184 3576 de

149 3610 234 3654 eausa,
258 3601 328 3643 entra
349 3610 450 3643 causam
471 3596 543 3643 etiam
565 3595 641 3642 nirnis
654 3594 762 3656 fortasse
786 3589 892 3642 multa.’'
936 3593 1039 3641 “Some
1066 3593 1182 3655 pestilent

147 3661 260 3710 tribunes
283 3675 332 3724 you
353 3659 405 3709 will
432 3659 551 3723 certainly
572 3659 624 3707 find
648 3659 674 3706 in
696 3659 730 3708 all
753 3657 866 3722 historys
897 3658 1017 3721 unsteady
1043 3673 1103 3706 ones
1128 3665 1179 3714 too,

147 3725 262 3838 tellit
278 3720 1183 3856 hellin&illinistis‘illihtiithtffllll

147 3855 214 3920 conj.
228 3855 289 3904 leves
298 3856 370 3904 etiarn
381 3871 456 3920 quarn
467 3855 745 3919 bonossortasseplures.
808 3825 815 3850 ⁹
