2818 4320
241 299 301 365 128
569 345 572 354 ·
635 295 812 366 CICERO

238 479 305 524 non
331 456 465 522 suerunt
489 463 549 523 aut
573 455 663 542 plebi
689 478 733 538 re,
759 479 827 525 non
849 455 951 525 verbo
973 457 1086 524 danda
1113 451 1275 524 libertas:¹

238 581 325 646 quae
360 569 474 626 tamen
510 561 558 626 sic
594 560 675 627 data
703 571 763 640 est,
795 571 833 629 ut
861 561 974 627 multis
1003 561 1274 645 praeclarissimis

237 664 465 740 adduceretur,
481 671 518 727 ut
532 665 720 730 auctoritati
735 665 920 749 principum
935 664 1076 730 cederet
1182 699 1187 712 ·

261 841 265 849 ,
304 767 366 831 ΧΙ.
411 768 536 832 Nostra
564 775 678 831 autem
707 787 815 846 causa,
846 788 940 852 quae,
971 776 1109 851 optume
1135 775 1170 832 et
1199 766 1275 831 dul-

108 875 117 890 “
197 871 369 953 5οἰεείιηε
395 869 503 948 frater,
530 870 645 936 incidit
671 871 704 935 in
730 871 938 936 tribuniciam
964 879 1176 954 potestatem,
1192 869 1274 934 nihil

240 973 358 1038 habuit
380 972 601 1037 contentionis
626 992 703 1038 cum
729 974 907 1039 tribunatu.
951 975 1030 1038 Non
1053 974 1142 1043 eninr
1157 971 1273 1057 plebes

149 1081 152 1088 ⁴
239 1077 377 1142 incitata
402 1076 522 1140 nostris
545 1075 643 1140 rebus
667 1077 792 1154 invidit,
818 1077 878 1141 sed
907 1077 1038 1142 vincula
1063 1077 1173 1141 soluta
1194 1084 1274 1140 sunt

240 1188 276 1244 et
304 1179 436 1243 servitia
465 1179 638 1255 concitata,
668 1179 826 1244 adiuncto
855 1188 978 1244 terrore
1003 1180 1103 1262 etiam
1131 1179 1273 1244 militari.

240 1283 361 1365 Neque
389 1280 484 1346 nobis
514 1300 590 1345 cum
619 1279 675 1345 illa
703 1289 776 1345 tum
805 1291 900 1365 peste
918 1291 1093 1346 *certamen
1118 1281 1191 1358 t'uit,
1213 1281 1273 1346 sed

179 1402 220 1451 10
241 1403 317 1450 cum
346 1384 540 1468 gravissimo
566 1383 612 1447 rei
638 1383 790 1467 publicae
819 1391 990 1467 tempore:
1027 1385 1079 1448 cui
1109 1383 1178 1448 nari
1204 1404 1276 1448 ces-

240 1489 366 1563 sissem,
396 1507 463 1551 non
494 1485 685 1550 diuturnum
715 1485 865 1551 beneficii
902 1487 968 1550 mei
997 1487 1104 1570 patria
1129 1485 1273 1550 fructum

241 1590 380 1657 tulisset
445 1587 563 1672 Atque
602 1587 685 1652 haec
722 1588 769 1652 rei
807 1589 918 1654 exitus
956 1589 1121 1654 indicavit.
1189 1588 1275 1672 Quis

242 1694 332 1758 enim
362 1712 429 1756 non
465 1690 567 1755 modo
604 1691 694 1769 liber,
730 1691 790 1756 sed
817 1712 931 1756 servus
965 1691 1119 1756 libertate
1153 1691 1275 1775 dignus

242 1795 313 1873 suit,
342 1795 396 1859 cui
425 1804 539 1860 nostra
567 1793 656 1860 salus
686 1814 762 1860 cara
791 1814 858 1860 non
887 1794 997 1860 esset?
1072 1793 1122 1861 26.
1171 1793 1275 1878 Quod

306 2093 327 2154 ἕ.
341 2093 381 2143 25.
417 2090 510 2140 multis
519 2089 744 2154 praeclarissimis.
781 2090 857 2142 Some
867 2106 935 2141 noun
946 2091 967 2141 is
982 2089 1129 2156 apparently
1146 2091 1276 2156 wanting:

243 2158 348 2224 Seyffert
368 2157 433 2222 conj.
455 2158 531 2218 rebm,
546 2157 616 2207 Bake
626 2157 676 2206 and
694 2156 784 2206 Feldh.
798 2157 935 2221 praeclaras
952 2157 1078 2216 instr'tutis,
1101 2156 1208 2220 Madvig
1224 2156 1275 2206 and

243 2224 323 2276 Halm
334 2225 427 2274 vinclis.
458 2223 509 2273 For
520 2223 692 2272 adduceretur
702 2233 759 2271 MSS.
774 2221 806 2271 A.
818 2221 847 2270 B.
861 2221 925 2271 have
935 2223 1091 2282 addr'ceretur,
1106 2220 1276 2286 Wyttenbach

242 2289 309 2354 conj.
320 2290 461 2353 adigeretur.
499 2289 537 2352 By
546 2285 679 2336 institutis
690 2286 759 2335 Bake
771 2285 855 2335 thinks
866 2287 919 2336 that
933 2287 994 2338 such
1005 2287 1143 2352 provisions
1155 2303 1182 2336 as
1203 2287 1275 2336 those

243 2355 269 2406 in
281 2367 311 2404 rr.
327 2357 349 2416 ς.
365 2366 403 2416 30.
417 2354 467 2404 and
479 2365 522 2402 111.
535 2355 558 2413 ξ.
569 2363 609 2415 27.
623 2367 664 2402 are
675 2350 799 2401 intended
836 2352 887 2401 For
896 2351 1046 2413 principum
1089 2387 1095 2400 .
1111 2363 1130 2401 r.
1144 2353 1165 2413 5.
1179 2363 1219 2416 43
1235 2369 1261 2401 n.

307 2418 451 2468 mnditia
487 2420 583 2468 “came
605 2417 658 2467 into
679 2416 792 2466 collision
819 2416 880 2465 with
892 2415 914 2465 :³⁸
942 2419 988 2467 sie.
1013 2417 1040 2465 in
1090 2432 1105 2466 e
1131 2432 1224 2481 person
1251 2415 1279 2467 of

244 2484 358 2545 Clodius,
380 2499 407 2534 as
437 2483 534 2534 Go'renz
554 2483 666 2546 explains
688 2481 715 2531 it.
749 2482 860 2530 “incrdt't
879 2483 907 2530 in
929 2497 956 2531 ea
978 2489 1091 2546 tempora,
1115 2483 1205 2546 qartus
1231 2483 1276 2531 illa

238 2544 1173 2676 tittmathathiatit·'2,.itl;.lhr.tfltttt
1187 2547 1276 2663 att

244 2650 397 2804 endealpurs
415 2684 442 2727 to
452 2677 551 2742 explain
569 2678 609 2727 his
619 2693 676 2728 own
693 2677 801 2727 conduct
818 2685 844 2726 at
855 2677 904 2727 this
921 2677 997 2728 crisis.
1034 2649 1125 2742 (song,
1148 2677 1208 2727 Vol.
1231 2689 1273 2727 111.

243 2760 265 2796 C·
280 2754 338 2794 XXI.
354 2779 360 2792 .

309 2804 419 2856 servitia
445 2803 586 2857 concitata.
634 2805 732 2856 Vahlen
749 2804 812 2857 aiter
832 2806 946 2867 Gdrenz;
973 2807 1075 2856 incitata
1097 2817 1168 2868 usa,
1193 2805 1277 2856 which

245 2874 324 2925 Halm
336 2872 434 2932 retains
447 2870 566 2935 rejecting
575 2870 689 2920 lnoitatu
699 2870 760 2920 alter
770 2871 866 2932 plebea.
892 2871 991 2930 Vahlen
1002 2887 1130 2948 compares
1141 2873 1220 2927 Acad.
1230 2879 1274 2936 pr.

244 2939 283 2990 II.
316 2949 403 2988 xnvlt.
425 2948 477 2999 144.
525 2937 609 2998 “Quo
627 2937 692 2986 enim
708 2943 796 3000 spectat
811 2937 881 2998 illud,
903 2953 958 2986 cum
972 2938 1080 3002 arteficro
1098 2937 1153 2986 tolli
1170 2938 1278 3001 querm's

244 3021 262 3055 a
279 3004 352 3064 nobrt,
375 3003 426 3051 niti
441 3008 470 3050 ut
486 3001 579 3066 oprficer
595 3000 780 3052 concitentur!
807 3003 889 3064 Quiri
899 3003 1007 3067 undique
1024 3017 1106 3051 omna
1120 3003 1280 3052 convenerint

237 3070 317 3136 facile
325 3074 409 3118 contra
419 3064 675 3116 minotaurum?
692 3082 731 3131 cp.
742 3067 777 3115 ad
784 3068 856 3116 Fam.
871 3077 897 3116 x.
908 3067 991 3116 xxxiii.
1001 3080 1039 3129 43
1046 3075 1094 3132 pro
1104 3068 1198 3128 Flacco,
1210 3078 1275 3117 v111.

248 3135 285 3186 18.
301 3151 303 3156 ·
322 3133 359 3183 Os
367 3148 453 3182 course
462 3130 578 3192 nurus,
593 3130 704 3182 sarvtna
716 3151 743 3173 =
756 3131 834 3180 vincti
843 3131 892 3180 and
903 3133 973 3181 serui.

310 3197 441 3248 aniunoto.
478 3197 581 3248 Clodius
600 3198 707 3247 asserted
719 3198 772 3247 that
790 3196 822 3246 he
832 3196 882 3246 had
895 3198 994 3258 Caesar,
1009 3197 1112 3247 Crassus
1131 3197 1183 3247 and
1204 3197 1280 3246 Pom-

245 3264 315 3331 peius
326 3271 352 3313 at
362 3264 402 3313 his
412 3261 477 3312 back
488 3278 541 3326 :cp
551 3270 600 3326 pro
610 3265 668 3312 Sest.
681 3274 752 3311 xvrr.
766 3274 816 3322 40.,
831 3273 890 3310 xlx.
903 3275 943 3324 42.

245 3325 1281 3458 ...aaa“tantastrennuerunt·antiteta

244 3456 387 3510 excitabat.'’

251 3557 253 3560 -
311 3520 426 3572 omniu
451 3521 540 3582 Halm,
554 3521 696 3572 Gdrenzm‘.
732 3521 802 3571 Bake
813 3536 942 3586 compares
954 3519 1039 3572 Cato's
1050 3521 1137 3572 advice
1149 3528 1176 3572 to
1188 3521 1280 3572 Cicero

247 3587 402 3638 ὑπεκστάντα
409 3586 444 3649 τῷ
455 3587 530 3650 καιρῷ
541 3588 617 3637 πάλιν
623 3588 737 3650 γενέσθαι
749 3588 848 3650 σωτῆρα
853 3589 897 3648 τῆς
905 3588 1025 3651 πατρίδος.
1044 3587 1181 3648 (Plutarch,
1198 3587 1281 3656 Cato.)

246 3669 286 3719 cp.
301 3660 351 3717 pro
369 3653 426 3700 Sest.
442 3664 511 3701 xxr1.
525 3663 565 3713 49.

310 3715 440 3766 benefida
493 3716 580 3766 Feldh.
611 3733 740 3782 compares
768 3715 821 3768 Cic.
851 3717 912 3768 Par.
944 3729 982 3768 tv.
1012 3716 1028 3766 i.
1059 3728 1110 3779 29.,
1134 3715 1220 3767 where
1236 3716 1280 3767 the

245 3781 404 3848 suppression
415 3781 444 3831 of
452 3780 579 3831 Catiline’s
590 3783 734 3848 conspiracy
744 3782 765 3832 is
775 3782 855 3847 stylcd
870 3784 887 3808 “
896 3783 972 3832 liuius
982 3782 1074 3832 aecana·
1083 3780 1214 3846 bmqicii.”

311 3846 357 3896 sed
367 3857 466 3896 serron
501 3857 559 3896 uss.
578 3847 612 3898 A.
626 3845 654 3898 Β.
669 3847 798 3908 omitsed;
815 3847 853 3898 ior
863 3859 917 3898 nou
928 3847 1004 3897 modo
1014 3847 1088 3912 epa
1107 3859 1144 3897 12.
1159 3863 1186 3898 n.
