2754 4322
245 337 288 402 30
636 315 813 386 CICERO

243 479 304 545 sed
330 499 453 558 eorum,
470 479 527 563 qui
550 479 645 563 quasi
669 479 816 546 officinas
831 480 1060 548 instruxerunt
1084 477 1285 562 sapientiae,

243 604 330 667 quae
344 583 417 648 fuse
439 583 519 648 olim
535 583 791 667 disputabantur
812 604 852 649 ac
867 583 977 662 libere,
993 604 1034 648 ea
1048 603 1135 648 nunc
1146 583 1286 647 articu-

242 687 338 752 latim
364 686 501 752 disiecta
527 686 688 752 dicuntur.
733 688 806 752 Nec
827 689 916 754 enirn
940 688 1021 752 satis
1045 687 1286 751 fieri'censent

140 845 153 868 Α
242 790 319 854 huic
341 789 423 868 loeo,
447 790 504 875 qui
518 811 606 856 nunc
628 799 679 856 est
693 791 727 855 in
750 791 911 870 inanibus,
928 791 990 856 nisi
1012 791 1190 875 separatim
1214 788 1285 854 hoc

145 871 196 976 (ις
244 894 362 978 ipsum,
379 901 497 958 natura
523 914 595 960 esse
614 895 673 971 ius,
689 894 899 978 disputarint.
964 893 1037 959 Att.
1083 893 1128 959 Et
1152 892 1287 995 scilicet

243 1005 302 1062 tua
331 996 465 1062 libertas
494 996 676 1063 disserendi
706 999 829 1063 amissa
858 1007 918 1075 est,
943 1007 1003 1064 aut
1027 1006 1064 1063 tu
1091 997 1118 1061 is
1145 1016 1189 1075 es,
1221 997 1283 1079 qui

243 1101 277 1164 in
307 1100 509 1185 disputando
539 1122 606 1166 non
635 1109 730 1166 tuum
755 1100 913 1168 iudicium
940 1121 1087 1187 sequare,
1114 1100 1174 1164 sed
1200 1121 1283 1164 aue-

243 1203 370 1269 toritati
394 1204 533 1269 aliomm
563 1224 688 1288 pareas.
732 1218 783 1289 37.
827 1205 879 1270 M.
925 1205 1003 1270 Non
1027 1225 1166 1288 semper,
1189 1203 1281 1280 Tite,

243 1308 302 1373 sed
319 1310 381 1373 iter
394 1308 491 1374 huius
507 1309 668 1373 sermonis
684 1308 774 1392 quod
795 1308 840 1373 sit
853 1308 968 1375 vides:
990 1308 1033 1372 ad
1049 1329 1101 1374 res
1127 1307 1281 1391 publicas

183 1429 221 1478 10
244 1413 423 1477 firmandas
453 1411 544 1477 etad
560 1411 777 1477 stabiliendos
793 1412 862 1476 iure
878 1411 1113 1497 sanandosque
1134 1411 1281 1495 populos

227 1517 351 1602 ‚omnis
374 1523 488 1580 nostra
507 1515 616 1598 pergit
635 1514 750 1579 oratio.
796 1514 960 1598 Quocirca
985 1535 1100 1580 vereor
1124 1515 1281 1579 commit-

241 1629 321 1696 tere,
359 1627 397 1684 ut
426 1638 494 1682 non
530 1617 616 1682 bene
645 1619 778 1700 provisa
817 1627 852 1682 et
892 1617 1068 1702 diligenter
1104 1617 1281 1701 explorata

241 1721 402 1806 principia
424 1728 598 1803 ponantur,
615 1741 676 1785 nec
690 1729 804 1786 tamen
824 1730 862 1787 ut
877 1721 1031 1786 omnibus
1053 1721 1282 1804 probentur-

242 1844 320 1888 nam
344 1824 378 1886 id
405 1822 475 1886 fieri
498 1843 565 1888 non
580 1832 743 1907 potest—,
766 1824 825 1888 sed
849 1833 888 1890 ut
906 1825 961 1902 eis,
978 1825 1035 1908 qui
1058 1824 1172 1888 omnia
1186 1833 1281 1888 recta

183 1941 218 2009 15
243 1935 345 2011 atque
369 1925 510 1991 honesta
529 1947 639 2010 perse
665 1928 856 2011 expetenda
870 1929 1039 1993 duxenrnt
1066 1936 1100 1993 et
1114 1935 1173 1992 aut
1196 1926 1281 1991 nihil

243 2031 380 2095 omnino
406 2030 551 2095 inbonis
578 2030 829 2109 numerandum,
846 2033 907 2096 nisi
922 2031 1013 2116 quod
1035 2052 1145 2116 perse
1166 2030 1280 2115 ipsum

307 2319 479 2370 articulatim.
515 2319 585 2370 Bake
607 2319 700 2385 prefers
721 2321 764 2371 me
785 2322 883 2386 vulgate
903 2320 1068 2371 articulatim
1089 2320 1276 2383 memque,

243 2403 277 2438 on
295 2387 338 2436 the
349 2386 446 2450 ground
462 2384 517 2435 that
528 2392 578 2435 two
596 2386 702 2436 adverbs
718 2402 760 2436 are
775 2387 889 2452 required
901 2394 927 2436 to
943 2387 1048 2436 balance
1058 2383 1179 2450 fuse...ac
1197 2387 1276 2437 libere.

243 2465 301 2502 uss
326 2452 391 2501 have
410 2450 442 2500 A
456 2449 561 2500 nenne
575 2452 604 2501 B.
618 2451 753 2502 distincta
789 2452 895 2516 Madvig
913 2453 1039 2519 proposed
1056 2453 1153 2500 dissecta
1159 2467 1172 2512 ,·
1198 2452 1280 2501 Halm

242 2519 346 2567 disiecta.
382 2516 438 2566 'l'he
455 2516 594 2566 dialectical
604 2516 730 2580 penchant
741 2517 770 2567 of
777 2517 820 2566 the
832 2517 913 2567 Stoics
924 2517 1025 2567 showed
1037 2517 1106 2566 itself
1118 2517 1280 2582 particularly

242 2583 270 2631 in
288 2581 352 2630 their
362 2581 457 2630 minute
467 2580 559 2646 logical
577 2581 696 2632 divisions
708 2582 737 2632 os
744 2599 760 2632 a
770 2582 865 2646 subject
876 2600 884 2643 ;
907 2598 946 2646 cp.
960 2585 982 2643 §0
995 2583 1035 2632 62.
1072 2581 1144 2630 With
1158 2581 1280 2632 officinae

242 2660 357 2774 &abne
367 2661 425 2770 υἷα]
440 2661 557 2710 compare
576 2646 618 2696 the
636 2653 825 2712 contemptuous
843 2649 1027 2711 φροντιστήριον
1044 2647 1073 2698 of
1095 2647 1279 2713 Aristophanes

308 2775 345 2824 lit
355 2774 465 2824 scilicet
502 2774 582 2824 Halm
601 2776 693 2840 prefers
709 2776 766 2844 hut
781 2791 816 2828 sc.
831 2795 839 2838 ;
855 2777 908 2838 but,
922 2793 949 2828 as
967 2777 1055 2829 Feldln
1075 2793 1139 2842 says,
1153 2777 1196 2828 the
1206 2778 1280 2844 irony

243 2843 270 2892 in
289 2841 375 2890 scilicet
392 2839 414 2888 is
432 2855 502 2889 more
519 2840 631 2905 striking,
653 2841 674 2891 ii
691 2841 790 2893 Atticus
808 2843 952 2908 mockingly
969 2851 1064 2894 assents
1087 2850 1114 2894 to
1140 2844 1207 2894 what
1232 2843 1279 2894 has

243 2909 308 2958 been
320 2905 381 2955 said.
417 2921 456 2968 cp.
471 2905 523 2954 III.
539 2906 561 2964 5.
576 2917 615 2967 24
629 2906 801 2968 et...quidsm

308 2971 394 3100 wi.
426 2969 479 3020 iter
496 2971 546 3020 oei.
582 2970 653 3022 Bake
667 2980 755 3038 quotes
774 2973 854 3034 Plato,
876 2974 947 3039 Legg.
967 2974 1020 3024 111.
1037 2971 1093 3024 688.
1117 2974 1148 3024 E.
1161 2973 1207 3034 τὴν
1224 2973 1281 3024 ὁδὸν

242 3041 313 3089 voti
346 3054 380 3086 ου.

308 3103 373 3153 stab.
388 3101 447 3151 iure
466 3099 654 3162 sanandusque.
681 3101 769 3152 Feldln
784 3103 847 3153 alter
857 3103 969 3168 Madvig.
996 3115 1054 3154 Mss.
1075 3103 1221 3154 havevirse
1240 3104 1281 3155 for

242 3169 302 3219 iura
320 3168 371 3218 aud
389 3167 451 3217 omit
468 3179 526 3228 que.
563 3166 643 3216 Halm
661 3166 747 3217 thinks
766 3167 809 3218 the
831 3185 888 3233 pass
921 3169 1081 3230 edelective,
1102 3170 1147 3219 but
1165 3186 1193 3220 su
1243 3179 1281 3221 sts

243 3232 416 3283 stabiliendas
433 3232 506 3294 leges
517 3233 545 3282 st
564 3231 667 3282 adiuro
684 3232 841 3294 sociandos;
870 3234 910 3284 Va
938 3250 969 3284 en
988 3234 1162 3284 stabiliendas
1179 3247 1213 3283 ur
1272 3251 1280 3297 3

243 3299 320 3348 Klotz
330 3311 353 3348 s.
364 3297 505 3358 civitatm
523 3298 616 3346 Davies
626 3311 646 3348 s
660 3297 749 3360 leges3
766 3315 805 3364 cp.
819 3301 841 3359 ἃ.
855 3299 895 3350 62.

338 3365 371 3412 nt
388 3364 539 3424 probantur.
582 3363 643 3413 Acc.
664 3370 691 3413 to
712 3363 799 3414 Feldh.
820 3380 859 3414 we
880 3371 947 3415 must
963 3365 1116 3415 understand
1133 3364 1195 3414 volo
1213 3365 1281 3416 from

241 3441 351 3487 versun
367 3428 393 3476 in
405 3428 446 3478 the
458 3444 526 3478 same
544 3444 600 3492 way
611 3444 638 3478 as
655 3444 687 3478 an
698 3428 843 3480 affirmative
854 3431 914 3480 verb
933 3431 954 3480 is
965 3431 1107 3480 sometimes
1125 3430 1281 3482 understood

243 3494 306 3544 from
324 3508 340 3541 a
350 3493 464 3556 negative
481 3495 623 3559 preceding,
637 3510 675 3560 cp.
690 3496 720 3543 de
734 3496 792 3544 Fin.
806 3495 897 3544 II..21.
919 3494 969 3556 68;
986 3496 1056 3545 Bake
1067 3496 1183 3546 however
1193 3497 1281 3550 would
1359 3523 1360 3554 ς

242 3558 334 3624 supply
345 3557 387 3606 the
398 3557 440 3606 elli
459 3575 485 3608 se
497 3575 524 3609 as
534 3559 632 3610 follows
644 3578 650 3609 :
679 3561 745 3609 “ner
755 3567 838 3610 tamen
849 3561 885 3609 ita
896 3561 1057 3625 improvisa
1068 3559 1121 3611 ut.'’

307 3621 391 3684 quio
449 3637 472 3672 a.
519 3625 564 3674 ie.
612 3625 769 3688 Academica,
798 3625 959 3690 Peripatetics
986 3627 1037 3676 aud
1065 3626 1160 3686 Stoics;
1190 3627 1285 3678 “nihil

242 3685 365 3740 omnin0''
394 3688 491 3748 Stoics;
522 3691 646 3737 “nullum
677 3689 820 3754 magnum’⁸
857 3691 1006 3742 Academics
1034 3692 1085 3741 and
1116 3691 1282 3756 Peripatetics

244 3757 293 3821 (cp.
307 3757 327 3816 5.
343 3762 357 3818 5
360 3753 405 3818 5.).
440 3753 490 3802 For
501 3752 633 3804 duxerunt
644 3770 713 3804 some
723 3756 783 3804 read
795 3755 927 3805 dixerunt.
