2818 4320
238 329 299 384 120.
625 307 801 378 CICERO

233 473 296 540 leci
320 469 420 558 supra
446 469 659 550 mentionem,
684 469 877 536 mirabiliter
892 469 1091 536 ‘doctrinam
1122 490 1167 535 ex
1197 491 1271 535 um·

233 575 375 644 braculis
396 575 600 650 eruditorum
622 575 758 658 otioque
780 595 847 639 non
870 573 972 639 modo
994 574 1028 638 in
1044 573 1149 638 solem
1168 581 1272 658 atque

233 681 268 745 in
283 679 461 764 pulverem,
473 678 532 743 sed
548 679 582 742 in
597 679 707 762 ipsum
723 677 899 743 discrimen
914 678 1085 762 aciemque
1099 677 1270 762 produxit

236 785 327 850 Nam
353 791 399 848 et.
414 782 623 847 mediocriter
638 782 755 847 doctos
781 801 921 865 magnos
937 781 970 845 in
985 801 1021 846 re
1035 781 1271 865 publicaviros

193 899 209 970 5
235 896 269 952 et
283 886 493 951 doctissimos
507 884 659 950 homines
674 905 742 950 non
762 885 860 949 nimis
875 885 909 948 in
925 904 959 948 re
974 883 1107 968 publica
1120 893 1271 949 versatos

234 990 357 1056 multos
382 1009 642 1054 commemorare
667 1007 863 1073 possumus:
886 987 943 1072 qui
971 1008 1050 1053 vero
1079 996 1220 1071 utraque
1235 1009 1271 1052 re

234 1094 420 1171 excelleret,
446 1101 485 1158 ut
510 1100 545 1158 et
571 1091 741 1157 doctrinae
763 1090 882 1156 studiis
908 1099 943 1156 et
964 1091 1110 1174 regenda
1133 1092 1270 1156 civitate

233 1199 386 1282 princeps
409 1203 504 1273 esset,
521 1195 595 1278 quis
617 1193 713 1259 facile
727 1200 858 1278 praeter
878 1192 967 1258 hunc
982 1194 1118 1258 inveniri
1133 1193 1269 1278 potest?

233 1301 305 1367 Art.
351 1300 437 1364 Puto
460 1319 558 1382 posse
574 1305 609 1362 et
632 1296 768 1380 quidem
794 1295 939 1380 aliquem
955 1297 998 1361 de
1024 1297 1128 1362 tribus
1152 1298 1268 1364 nobis:

162 1413 213 1470 '10
233 1403 293 1471 sed
309 1424 418 1488 perge,
434 1410 473 1466 ut
486 1420 652 1484 coeperas.

297 1506 452 1588 VII.15,
496 1503 548 1570 M.
593 1501 792 1586 Quaesitum
822 1501 923 1586 igitur
951 1502 1082 1568 abillis
1106 1510 1167 1581 est,
1198 1502 1284 1587 pla··

233 1617 365 1686 ceretne
389 1626 492 1672 unum
506 1607 542 1700 in
568 1606 701 1671 civitate
727 1625 799 1671 esse
818 1606 1058 1689 magistratum,
1074 1607 1126 1696 cui
1152 1605 1268 1690 reliqui

233 1719 396 1797 parerent,
433 1708 524 1793 quod
570 1709 698 1774 exactis
735 1708 867 1792 regibus
904 1709 1061 1792 intellego
1105 1708 1268 1793 placuisse

234 1815 355 1880 nostris
378 1812 565 1878 maioribus.
610 1811 678 1879 Sed
694 1813 851 1896 quoniam
867 1813 979 1896 regale
995 1813 1138 1878 civitatis
1152 1833 1266 1896 genus,

174 1933 210 2002 15
234 1907 412 2003 probatum
437 1915 616 1999 quondam,
633 1923 751 1998 postea
776 1936 843 1980 non
863 1924 933 1980 tam
950 1916 1043 1999 regni
1064 1935 1166 1998 quam
1181 1917 1268 2000 regis

148 2093 149 2097 ,
233 2023 320 2088 vitiis
347 2020 557 2103 repudiatum
586 2025 646 2096 est,
670 2039 793 2084 nomen
822 2028 954 2084 tantum
983 2018 1149 2084 videbitur
1181 2021 1268 2102 regis

136 2184 142 2200 ,
234 2123 453 2208 repudiatum,
483 2143 534 2187 res
572 2121 729 2199 manebit,
757 2122 785 2185 si
822 2141 907 2186 unus
943 2121 1097 2186 omnibus
1133 2121 1268 2206 reliquis

234 2226 482 2311 magistratibus
497 2224 683 2308 imperabit.
733 2220 782 2291 16.
828 2223 941 2307 Quare
956 2245 1018 2288 nec
1032 2223 1147 2310 ephori
1164 2225 1269 2290 Lace·

232 2332 396 2396 daemone
410 2331 481 2394 sine
496 2349 597 2393 causa
611 2348 632 2391 a
646 2327 868 2410 Theopompo
882 2328 1027 2411 oppositi
1050 2327 1183 2411 regibus
1206 2349 1270 2394 nec

170 2451 213 2500 20
234 2435 323 2518 apud
339 2431 603 2506 nosconsulibus
618 2431 749 2496 tribuni.
794 2431 884 2494 Nam
900 2430 981 2495 illud
997 2431 1131 2515 quidem
1148 2433 1268 2515 ipsum,

231 2537 321 2622 quod
348 2537 382 2600 in
408 2536 477 2600 iure
491 2535 638 2618 positum
662 2542 721 2610 est,
747 2532 850 2598 habet
875 2534 998 2612 consul,
1026 2543 1064 2600 ut
1090 2535 1120 2599 ei
1150 2535 1269 2620 reliqui

235 2639 447 2723 magistratus
470 2658 586 2702 omnes
609 2645 748 2720 pareant
773 2645 917 2722 excepto
941 2637 1082 2716 tribun0,
1109 2639 1166 2722 qui
1190 2649 1269 2722 post

297 2883 481 2948 inpulvoram.
518 2883 617 2933 Ernesti
634 2883 709 2934 omits
720 2884 767 2942 in:
783 2884 827 2934 but
848 2883 918 2934 Bake
935 2885 1046 2935 remarks
1064 2885 1119 2934 that
1136 2886 1217 2947 atque
1231 2886 1269 2951 by

189 2995 191 3000 ,
233 2969 267 3004 no
286 2967 371 3002 means
383 2967 411 3000 so
423 2949 515 3013 closely
524 2955 643 2999 connects
659 2961 777 3011 as-que,
791 2949 817 2998 iu
828 2948 971 3000 discrimen
981 2949 1124 3012 aciemque.
1139 2951 1266 3016 (Madvig,

233 3021 264 3070 L.
288 3019 316 3068 G.
329 3019 350 3078 5.
365 3017 442 3079 470.l.
479 3015 535 3064 The
554 3014 634 3078 shady
652 3014 773 3066 secluslou
793 3014 822 3064 of
838 3015 881 3064 the
899 3015 1029 3079 Academy
1047 3017 1097 3064 and
1117 3016 1227 3079 Lyceum
1245 3017 1269 3067 is

165 3113 167 3118 2
232 3083 373 3136 contrasted
384 3081 445 3131 with
455 3080 497 3131 the
509 3081 565 3129 dust
576 3079 625 3128 and
637 3079 704 3130 strife
714 3079 743 3129 oi
750 3080 793 3132 the
806 3080 888 3128 ‘bema
899 3079 912 3130 ι’
929 3097 969 3145 cp.
983 3082 1058 3130 Brut.
1073 3093 1113 3130 111.
1125 3089 1166 3144 37.

298 3149 375 3198 Puto
410 3161 452 3212 cp.
472 3157 491 3196 1.
505 3147 525 3206 5
541 3155 563 3210 5.
583 3145 633 3194 and
644 3145 672 3194 de
685 3145 731 3210 Off.
746 3156 765 3195 1.
779 3145 797 3194 i.
811 3157 845 3210 3,
858 3146 942 3196 where
961 3146 1049 3196 Cicero
1065 3145 1149 3212 places
1166 3146 1273 3198 himself

234 3215 313 3265 above
326 3213 474 3262 Demetrius.
998 3233 1000 3237 ·

296 3281 318 3340 5.
332 3279 371 3328 15t
386 3276 638 3338 unum-magrum.
662 3275 726 3326 ‘one
736 3273 901 3340 magistracy,’
912 3275 1024 3326 whether
1041 3274 1101 3326 held
1119 3275 1154 3340 by
1172 3290 1222 3327 one
1237 3292 1270 3327 or

233 3360 302 3396 more
313 3343 468 3393 indiuiduals.
505 3339 680 3406 Wyttenbuch.
716 3341 764 3390 See
774 3343 794 3400 5.
809 3339 832 3390 8.
847 3357 872 3390 n.

296 3407 368 3470 rogis
388 3407 474 3458 vitiis.
506 3406 582 3472 Vulg.
608 3405 687 3456 Halm
705 3406 769 3470 conj.
794 3403 883 3467 reglis,
904 3417 962 3455 MSS.
985 3405 1049 3455 have
1066 3407 1153 3471 regnis.
1175 3421 1216 3472 cp.
1238 3408 1272 3457 de

232 3475 290 3538 Rep.
303 3485 322 3525 1.
337 3485 381 3522 xl..
395 3473 434 3523 62.
473 3473 543 3521 “Tu
560 3488 610 3520 non
620 3471 685 3520 vr'du
695 3472 773 3520 unius
783 3471 1117 3536 importunitateetmperbrh
1132 3473 1270 3537 Tarquinii

233 3555 320 3590 nomen
328 3537 387 3586 huic
392 3538 482 3603 populo
493 3538 520 3586 irc
531 3537 613 3586 odium
624 3537 714 3586 venisse
723 3537 824 3601 regium.
829 3535 844 3560 ”
1086 3547 1090 3555 ·

297 3605 318 3664 5.
337 3603 376 3652 lu
412 3603 586 3664 Theopompo.
623 3601 693 3666 King
711 3601 741 3650 oi
757 3602 854 3666 Sparta,
876 3601 906 3652 oi
921 3601 964 3652 the
984 3600 1140 3678 Eurypontid
1159 3602 1268 3668 dynasty

234 3671 243 3732 (
250 3669 306 3731 flor.
328 3667 418 3732 during
439 3675 482 3719 1st.
496 3667 638 3717 Messenian
657 3667 726 3726 war).
748 3681 787 3731 cp
801 3667 898 3731 chep.
921 3678 952 3716 11.
966 3667 1049 3718 xxxiii.
1065 3666 1117 3730 58.;
1133 3667 1267 3729 Aristode,

232 3735 285 3796 Pol.
299 3743 363 3782 vm.
378 3733 413 3792 (ν.
419 3733 436 3797 ).
453 3744 489 3781 11.
504 3731 581 3794 (Dict.
595 3731 683 3797 Antiq.
699 3731 816 3796 Ephori.)

296 3795 407 3877 inlusa
427 3795 550 3859 positum.
586 3797 642 3847 “iu
672 3804 768 3862 respect
797 3796 825 3847 ol
844 3795 967 3863 powers.”
1001 3811 1040 3863 cp.
1062 3798 1083 3858 5.
1110 3795 1134 3848 8.
1174 3798 1267 3864 “regio

232 3860 358 3930 imperffl
