2818 4320
538 332 857 401 mmmm
1141 309 1214 416 η’

149 487 365 572 maximeque
401 487 594 569 Pisidarum,
624 493 687 558 nisi
726 504 874 561 vetustas
904 515 944 560 ea
983 503 1074 584 certa
1111 515 1183 560 esse

147 591 322 657 docuisset
368 591 440 658 Nec
460 615 540 660 vero
563 597 724 662 Romulus
747 607 860 664 noster
873 599 1045 682 auspicato
1067 591 1182 664 urbem

146 695 359 773 condidisset,
383 718 491 780 neque
512 699 589 764 Atti
611 701 699 765 Navi
724 721 846 766 nomen
870 703 1029 767 memoria
1052 701 1184 767 floreret
1208 697 1212 708 ⁴

146 805 218 862 tam
245 798 311 877 diu,
328 800 390 864 nisi
416 821 532 866 omnes
548 802 571 866 ii
597 803 703 868 multa
718 803 761 868 ad
784 797 958 870 veritatem
974 804 1182 870 admirabilia
1308 859 1310 866 .

98 975 101 978 ,
146 901 322 967 dixissent.
376 902 444 968 Sed
460 905 597 970 dubium
619 927 686 972 non
702 916 753 972 est
767 899 847 991 quin
861 907 945 973 haec
960 908 1133 992 disciplina
1148 916 1183 973 et
1228 920 1244 990 5
1335 967 1337 972 .

149 1025 203 1068 ars
218 1025 381 1089 augurum
397 1009 566 1073 evanuerit
581 1009 647 1074 iam
668 1019 703 1075 et
725 1019 893 1076 vetustate
907 1020 942 1076 et
965 1011 1184 1095 neglegentia.

146 1107 202 1172 Ita
228 1128 336 1193 neque
359 1109 405 1173 illi
420 1111 596 1190 adsentior,
611 1113 668 1196 qui
691 1113 778 1178 hanc
792 1115 964 1179 scientiam
991 1123 1093 1197 negat
1108 1136 1181 1179 um·
1247 1187 1250 1194 ,

146 1230 249 1312 quam
265 1213 298 1275 in
313 1221 425 1277 nostro
440 1213 579 1298 collegio
595 1215 703 1294 luisse,
720 1237 827 1301 neque
842 1216 898 1293 illi,
921 1216 978 1300 qui
993 1237 1065 1281 esse
1081 1218 1181 1282 etiam

144 1334 236 1378 nunc
261 1324 375 1398 putat:
404 1318 595 1400 quaemihi
624 1319 756 1384 videtur
784 1318 874 1403 apud
904 1321 1045 1384 maiores
1083 1319 1184 1384 luisse

145 1417 284 1500 dupleX,
305 1427 343 1483 ut
365 1419 408 1484 ad
425 1421 470 1484 rei
496 1421 649 1504 publicae
675 1430 807 1506 tempus
831 1442 898 1486 non
919 1442 1111 1506 numquam,
1138 1423 1182 1486 ad
1209 1438 1248 1487 10

144 1521 268 1604 agendi
284 1523 457 1588 consilium
472 1525 664 1607 saepissime
679 1523 865 1609 pertineret.
902 1539 952 1606 34.
975 1525 1047 1590 Art.
1072 1524 1183 1590 Credo

125 1615 256 1689 'hercle
282 1627 329 1690 ita
353 1647 425 1691 esse
453 1628 575 1712 istique
604 1631 722 1694 rationi
748 1629 958 1713 potissimum
991 1629 1182 1708 adsentior3

143 1729 207 1794 sed
223 1728 325 1793 redde
340 1734 458 1795 cetera
480 1725 482 1730 ’
937 1810 940 1815 ,

213 1830 307 1896 XIV.
351 1833 403 1897 M.
450 1832 605 1897 Reddam
634 1854 713 1899 vero
742 1843 777 1900 et
805 1834 849 1913 id,
876 1835 903 1899 si
929 1843 1056 1918 potero,
1083 1834 1181 1900 brevi.

145 1920 307 2019 Sequitur
331 1936 419 2000 enim
435 1936 478 2000 de
503 1937 573 2000 iure
594 1936 691 2003 belli:
715 1939 748 2001 in
775 1959 842 2021 quo
857 1946 891 2002 et
916 1937 1127 2022 suscipiendo
1149 1948 1183 2003 et
1209 1949 1244 2018 15

144 2037 295 2132 gerendo
317 2046 352 2103 et
367 2040 566 2124 deponendo
592 2041 642 2105 ius
657 2049 695 2105 ut
710 2040 888 2124 plurimum
911 2041 1036 2106 valeret
1051 2049 1085 2105 et
1100 2039 1183 2104 fides

145 2161 329 2225 eorumque
354 2151 392 2206 ut
406 2142 529 2226 publici
545 2144 740 2227 interpretes
761 2152 880 2219 essent,
903 2142 978 2226 lege
999 2144 1181 2207 sanximus.

144 2243 221 2308 Iam
248 2244 290 2308 de
305 2246 492 2328 aruspicum
508 2245 674 2329 religione,
691 2246 733 2310 de
755 2246 1002 2329 expiationibus
1017 2255 1052 2310 et
1065 2266 1183 2329 procu·

144 2348 328 2412 rationibus
343 2356 396 2412 sat
411 2369 483 2412 esse
497 2348 597 2432 plane
611 2350 646 2412 in
661 2351 733 2433 ipsa
747 2348 821 2432 lege
836 2348 962 2412 dictum
977 2356 1068 2432 puto.
1108 2347 1180 2412 Art.

143 2451 337 2528 Adsentior,
364 2452 523 2535 quoniam
549 2453 657 2516 omnis
682 2451 765 2516 haec
791 2453 825 2515 in
849 2450 1006 2534 religione
1032 2458 1182 2516 versatur
1204 2467 1246 2515 20

144 2554 260 2618 oratio.
306 2555 367 2639 Μ.
415 2551 466 2619 At
479 2576 558 2620 vero
581 2554 672 2639 quod
687 2555 837 2639 sequitur
859 2574 926 2637 quo
942 2553 1044 2618 modo
1064 2563 1122 2620 aut
1144 2562 1181 2618 tu

144 2658 333 2723 adsentiare
369 2667 428 2723 aut
462 2679 526 2742 ego
563 2657 801 2742 reprehendam
831 2678 912 2722 sane
941 2678 1079 2741 quaero,¹
1095 2656 1181 2722 Tite.

210 2885 272 2936 aur
282 2885 362 2936 Nan.
398 2886 469 2952 Livy,
491 2898 510 2936 1.
533 2886 573 2951 3⁶.
608 2886 681 2936 wite
697 2885 732 2936 aa
747 2884 890 2936 variatam
906 2873 946 2950 cp·
971 2886 1043 2937 caaz.
1058 2897 1078 2935 1.
1092 2901 1115 2936 v.
1141 2897 1178 2935 η.

148 2951 212 3001 “ad
218 2953 367 3002 severitatm
377 2950 482 3002 lenius.”
972 3005 975 3013 ,

210 3015 263 3066 illi.
299 3017 434 3068 Marcellus
444 3017 495 3067 and
506 3016 613 3082 Appius,
626 3019 647 3078 ξ.
663 3029 702 3080 32.

210 3083 321 3143 tempus.
359 3084 504 3147 “exigentes
513 3080 633 3146 rffstate,”
648 3082 717 3132 “the
733 3081 807 3132 times
817 3078 841 3142 ;'’
858 3078 987 3142 mendic.
1026 3077 1138 3128 “advice
1154 3077 1181 3128 in

145 3146 189 3197 the
199 3148 308 3197 conduct
319 3146 348 3198 oi
355 3145 463 3197 affiairs.”
498 3147 585 3198 Cicero
597 3146 689 3212 praises
700 3163 728 3196 or
739 3147 837 3197 blames·
851 3146 894 3196 the
910 3145 1001 3195 former
1017 3143 1178 3208 applicatiom

145 3227 174 3262 as
185 3212 205 3262 it
216 3213 277 3262 suits
288 3213 348 3273 him,
363 3224 403 3278 ep.
417 3214 446 3262 in
456 3213 539 3262 Pr'son.
555 3224 592 3262 IV.
607 3225 630 3274 9.
645 3212 707 3262 with
717 3224 748 3262 11.
763 3212 871 3276 Philqop.
885 3210 985 3260 xxxviii.
999 3221 1039 3271 99.

211 3279 231 3338 ἓ.
247 3277 288 3327 34.
308 3277 395 3328 redde.
434 3279 505 3328 “te.
530 3284 694 3342 expomquae
707 3273 870 3342 promtustist’
904 3290 943 3339 cp.
958 3275 1088 3323 ἀποδοῦναι
1099 3273 1176 3325 Bake.

146 3342 217 3392 reddo
228 3341 279 3392 like
291 3344 423 3403 ἀποδίδωμι
434 3343 573 3408 frequently
583 3343 692 3407 signifies
700 3342 743 3392 the
753 3340 906 3405 completion
917 3339 946 3389 of
953 3355 986 3388 an
997 3338 1179 3405 undertaking3

145 3407 188 3457 the
204 3407 277 3532 {hing
293 3408 449 3459 undertaken
465 3408 548 3474 being,
558 3408 678 3472 regarded
695 3423 722 3458 as
741 3423 757 3457 a
774 3407 833 3457 debt
852 3413 880 3456 to
898 3405 931 3455 be
956 3405 1120 3470 dischargedz
1138 3421 1177 3471 cp.

146 3484 190 3523 111.
219 3486 253 3522 .1
346 3519 347 3523 ,
520 3506 521 3510 =

210 3485 321 3588 sabbate
336 3537 425 3600 plane.
459 3537 556 3604 Haupt.
578 3549 638 3589 MSS.
657 3535 722 3588 have
737 3537 832 3586 salissa
847 3533 939 3585 illane.
974 3533 1064 3585 Feldh.
1083 3534 1180 3599 conjec-

146 3609 213 3654 tures
223 3604 283 3652 satr‘s
292 3619 340 3653 esse
348 3605 407 3654 iam.

211 3668 344 3730 quoniam.
358 3667 466 3731 Atticus,
477 3683 505 3718 as
515 3683 548 3719 an
560 3667 708 3734 Epicurean,
722 3666 798 3717 views
808 3664 878 3716 these
888 3671 990 3716 matters
1001 3664 1062 3716 with
1072 3665 1180 3732 indiffer-

147 3747 193 3783 enc
230 3745 304 3783 c.1.
332 3747 392 3785 .21.
616 3741 618 3746 '

194 3736 407 3859 e'rodrohebdam
458 3799 499 3848 '‘i.
511 3814 528 3849 e.
559 3803 692 3858 retractem,
715 3793 864 3861 con-lgm?
907 3795 1084 3861 Wyttenbach.
1130 3795 1182 3845 For

145 3861 195 3914 this
205 3864 325 3930 meaning
334 3864 363 3914 oi
369 3864 538 3930 reprehendere
549 3863 744 3915 “takeinhaud
756 3859 855 3928 again‚”
884 3861 954 3914 Bake
965 3876 1094 3928 compares
1111 3860 1180 3913 Verr.
1279 3862 1281 3868 ’

148 3939 191 3979 111.
206 3945 246 3978 xx.
266 3937 304 3993 51.
