2754 4322
208 275 253 342 60
598 273 774 344 CICERO
881 273 884 280 ’

208 435 315 520 ipsam
341 453 486 513 causam,
501 433 592 519 quod
619 454 660 501 eo
674 441 794 512 careat,
810 453 871 519 pro
895 431 998 499 nihilo
1011 430 1167 498 habenda
1187 431 1243 510 sit,

208 537 245 617 id
269 545 364 604 estne
389 535 631 603 numerandum
659 539 693 602 in
717 536 840 604 bonis?
907 535 945 618 Q.
989 536 1045 602 Ac
1074 535 1244 600 maxumis

208 641 353 728 quidem.
416 641 468 706 M.
513 641 607 726 Lege
643 649 756 706 autem
785 660 900 708 carens
929 639 1045 706 civitas
1075 646 1170 704 estne
1197 637 1244 704 ob
1351 651 1352 688 i

208 743 378 828 idipsum
402 743 556 812 habenda
581 743 673 810 nullo
699 742 799 810 loco?
866 741 905 824 Q.
949 742 1025 808 Dici
1054 741 1150 807 aliter
1175 762 1244 807 non

146 859 163 930 5
210 855 330 932 potest
394 848 448 913 M.
491 848 638 915 Necesse
662 856 713 914 est
728 848 828 933 igitur
842 846 952 932 legem
966 845 1080 911 haberi
1095 844 1243 910 inrebus

208 951 353 1034 optimis.
399 949 438 1032 Q.
476 951 596 1018 Prosus
610 951 787 1017 adsentior.
833 966 881 1032 13.
904 949 956 1014 M.
1001 947 1116 1032 Quid?
1151 947 1244 1031 quod

209 1053 315 1120 multa
340 1054 530 1139 perniciose,
547 1054 653 1120 multa
678 1053 832 1139 pestifere
847 1054 1031 1119 sciscuntur
1044 1051 1078 1118 in
1102 1050 1243 1136 populis,

208 1178 295 1240 quae
334 1179 402 1224 non
432 1159 538 1242 magis
578 1157 662 1242 legis
696 1177 819 1223 nomen
856 1157 1044 1240 adtingunt,
1069 1175 1176 1239 ¹quam
1215 1155 1245 1220 si

208 1259 353 1327 latrones
375 1261 504 1345 aliquas
529 1281 685 1328 consessu
709 1279 771 1326 suo
793 1260 974 1326 sanxerint.
1018 1257 1108 1324 Nam
1135 1278 1246 1342 neque

147 1380 188 1428 10
209 1365 413 1430 medicorum
438 1373 616 1449 praecepta
639 1364 705 1429 dici
719 1384 796 1429 vere
822 1370 974 1447 possunt·
992 1362 1020 1428 si
1042 1382 1131 1445 quae
1152 1362 1246 1427 inscii

208 1468 406 1552 inperitique
435 1488 496 1551 pro
525 1466 723 1533 salutaribus
764 1466 934 1532 mortifera
970 1466 1244 1549 conscripserunt,

210 1585 321 1655 neque·
347 1571 382 1635 in
410 1568 536 1654 populo
559 1568 625 1648 lex,
652 1569 851 1635 cuicuimodi
876 1569 974 1635 luerit
999 1568 1065 1647 illa,
1092 1569 1194 1634 etiam
1217 1569 1246 1635 si

208 1674 430 1758 perniciosum
455 1672 580 1755 aliquid
607 1672 750 1757 populus
776 1673 949 1757 acceperit
994 1671 1087 1756 Ergo
1113 1680 1165 1738 est
1186 1670 1245 1736 lex

210 1777 371 1842 iustorum
395 1775 657 1859 iniustorumque
680 1776 858 1854 distinctio,
881 1776 926 1840 ad
946 1774 1038 1839 illam
1057 1775 1247 1858 antiquissi-

150 1891 187 1961 15
212 1898 302 1943 mam
331 1886 366 1943 et
391 1897 500 1942 rerum
524 1879 673 1943 omnium
696 1879 879 1962 principem
899 1898 1059 1962 expressa
1082 1886 1246 1955 naturam,

209 1981 253 2047 ad
283 2001 384 2064 quam
411 1979 502 2064 leges
530 1980 704 2047 hominum
734 1981 929 2065 diriguntur,
960 2001 1046 2065 quae
1082 1981 1247 2065 supplicio

169 2084 172 2092 '
211 2084 368 2170 inprobos
383 2084 551 2163 adficiunt,
567 2085 752 2151 defendunt
766 2106 807 2150 ac
822 2092 957 2150 tuentur
971 2083 1086 2150 bonos.

275 2187 336 2254 VI.
382 2187 420 2268 Q.
467 2187 636 2254 Praeclare
661 2187 828 2273 intellego,
853 2209 915 2254 nec
943 2207 1022 2253 vero
1051 2187 1118 2251 iam
1146 2185 1249 2252 aliam

210 2313 283 2358 esse
318 2291 420 2358 ullam
456 2291 566 2377 legem
601 2301 684 2376 puto
718 2313 784 2357 non
819 2291 921 2356 modo
954 2290 1154 2369 habendam,
1188 2291 1250 2355 sed

141 2411 193 2467 ,20
213 2417 257 2461 ne
277 2395 513 2481 appellandam
539 2395 684 2480 quidem.
753 2408 801 2475 14.
844 2394 895 2460 M.
942 2394 1049 2479 Igitur
1077 2403 1115 2460 tu
1141 2395 1251 2460 Titias

215 2507 250 2564 et
283 2499 446 2583 Apuleias
469 2499 561 2583 leges
587 2498 694 2564 nullas
718 2497 843 2582 putas?
909 2496 947 2579 Q.
993 2497 1070 2583 Ego
1098 2517 1177 2563 vero
1207 2519 1252 2563 ne

276 2759 310 2838 ob
319 2758 349 2809 ld
358 2759 453 2821 ipsum.
489 2771 547 2811 uss
566 2759 629 2811 omit
639 2759 679 2822 id,
689 2761 772 2812 which
783 2760 804 2811 is
814 2761 864 2813 due
875 2767 902 2812 to
913 2760 1061 2811 Lambinus:
1075 2776 1115 2826 cp.
1132 2761 1249 2828 Madvig,

212 2827 361 2952 adFsmldL
370 2823 495 2940 12³8thoe
509 2889 679 2942 allatores.
699 2890 770 2942 Bake
778 2907 859 2956 comp.
877 2891 944 2956 Offi.
959 2902 990 2941 11.
1007 2903 1044 2943 11.
1058 2904 1113 2954 4o3
1129 2890 1250 2957 Xenoph.

214 2959 291 3008 Μαι.
306 2967 325 3007 1.
340 2969 362 3007 2.
377 2967 432 3018 43:
450 2955 530 3016 Plato,
547 2955 619 3020 Gorg.
632 2955 688 3018 489
703 2971 724 3006 c.

279 3019 439 3072 ouloulmodl
449 3018 538 3070 fuerit.
569 3021 585 3070 i.
597 3036 615 3070 e.
629 3020 745 3072 however
755 3021 813 3072 bad.
844 3021 895 3071 For
905 3019 955 3072 this
966 3020 1030 3072 form
1041 3019 1071 3071 of
1078 3020 1120 3072 the
1131 3021 1250 3087 genitive,

213 3103 253 3152 cp.
268 3087 387 3166 Terence,
401 3085 504 3150 Adelph
520 3097 562 3135 111.
573 3085 611 3163 iii.
625 3099 650 3148 4
668 3087 797 3163 (aliquoil;
814 3084 872 3162 Cic.
882 3087 941 3163 Fiat.
960 3097 1003 3164 ¹.¹¹·
1023 3098 1050 3163 9.
1067 3098 1117 3164 go,
1136 3088 1173 3135 ad
1185 3089 1251 3138 Dio.

215 3151 1256 3292 il}linierffiiliiiess‘inililniihiffllffflfflm‘*

279 3286 410 3333 naturam.
447 3283 517 3332 Here
532 3297 606 3347 agorn
617 3283 715 3331 natura
724 3297 746 3330 rs
762 3297 930 3346 synonymous
940 3282 1001 3333 with
1011 3281 1055 3332 the
1066 3281 1175 3332 &mmo
1185 3281 1254 3344 Lex,

215 3347 258 3397 the
279 3346 401 3413 heavenly
419 3347 560 3413 archetype,
585 3347 648 3398 alter
669 3346 752 3397 which
773 3346 809 3397 all
830 3354 885 3398 true
905 3347 967 3398 laws
988 3363 1030 3398 are
1052 3347 1179 3398 moulded.
1209 3363 1254 3414 cp.

216 3414 238 3473 θ’
255 3424 299 3537 ¹⁰52
311 3477 350 3526 14.
370 3477 519 3528 nonnono.
557 3476 635 3528 ⁴1d0
645 3483 690 3527 not
700 3477 789 3542 merely
799 3459 861 3542 say:
884 3477 997 3542 Madvig,
1011 3477 1041 3527 1.
1056 3477 1089 3528 o.
1102 3478 1123 3538 ς.
1136 3476 1193 3539 4⁶1.

281 3541 368 3617 {litias
387 3542 560 3604 crapulatos.
597 3543 686 3593 Sextus
704 3542 785 3594 Titius
797 3543 851 3605 (Τι’.
873 3541 948 3592 Plob.
972 3543 1002 3594 U.
1019 3543 1047 3594 C.
1061 3542 1131 3619 655.)
1150 3542 1201 3592 and
1221 3543 1253 3593 L.

214 3606 337 3671 Apulorus
357 3607 504 3658 Saturninus
524 3608 581 3669 (Tr.
592 3606 667 3658 Plob.
685 3608 717 3659 U.
734 3609 761 3659 C.
776 3608 846 3672 653.)
865 3607 918 3658 like
929 3608 972 3658 the
983 3608 1098 3668 Gracchr,
1120 3605 1169 3659 lost
1188 3607 1257 3658 their

215 3672 277 3722 lives
288 3671 396 3736 through
412 3671 454 3722 the
466 3673 570 3723 factions
589 3673 672 3724 which
689 3689 755 3724 were
773 3673 903 3739 provolred
923 3673 957 3738 by
967 3673 1033 3724 their
1049 3673 1162 3738 agrarian
1180 3672 1252 3725 laws.

215 3753 261 3854 {pil
274 3739 328 3866 ,m
344 3736 431 3786 Rabr'r.
455 3749 506 3799 uc,
528 3739 603 3789 Brut.
625 3750 694 3792 uxu.
717 3739 878 3801 (Mommsen,
897 3737 964 3790 Hist.
986 3738 1044 3790 Vol.
1066 3750 1110 3790 111.
1128 3753 1173 3804 pp.
1193 3749 1252 3803 207.

227 3819 243 3853 0
263 3840 269 3853 .
1021 3849 1027 3864 ο
